2842 4559
747 217 788 271 20

235 408 342 464 magna
362 408 429 448 oum
450 388 651 448 ostentatione
671 388 874 469 iactutiaque
894 407 950 448 nec
968 388 1229 471 minore-strutitia
1242 408 1295 466 pc·

236 498 366 580 storum,
393 482 540 571 imprimis
559 495 689 554 Homeri
718 495 849 555 carmina
868 495 902 554 in
923 494 1042 571 publico
1064 494 1297 554 declamitsbant

235 601 347 660 additis
367 582 518 660 interdum
539 600 736 678 ineptissimis
758 600 820 660 suis
842 600 1100 685 explicationibus,
1122 601 1226 679 quales
1247 621 1294 660 so-

234 707 354 785 phistae
375 709 412 766 ab
434 699 567 766 isocrate
586 706 713 782 Penatis
735 727 764 784 p.
788 712 851 766 ³92
875 707 933 783 (ed.
948 705 1050 781 Lange
1070 707 1165 783 1803)
1186 707 1294 765 deseri·

124 799 127 803 ’
234 815 353 873 buntur.
397 811 525 872 Omnino
547 812 625 871 euim
641 813 805 871 Kreuserus
819 833 854 872 eo
868 813 1061 872 vehementer
1075 811 1195 884 erravit,
1214 813 1294 891 quod

234 920 317 978 nullo
339 923 505 996 temporum
526 913 651 977 rationis
672 922 807 995 respectu
826 918 930 978 habito
952 937 1054 978 omnes
1075 917 1171 976 omnis
1185 918 1294 977 aetatis

235 1025 383 1103 sophistes
404 1025 485 1084 inter
505 1043 538 1083 se
559 1023 707 1102 simulque
728 1044 793 1083 oum
815 1023 973 1101 rhapsodis
988 1024 1123 1083 confudit
1136 1032 1226 1103 atque
1239 1025 1294 1083 hos

234 1150 350 1211 quoque
368 1130 522 1193 universus
544 1129 667 1201 mmmis
689 1129 788 1189 offecit
807 1130 1005 1189 contumeliis.
1026 1173 1028 1176 .
1047 1129 1142 1192 Quam
1168 1129 1293 1197 msuiie·

108 1277 110 1282 ,
234 1241 281 1327 sto
302 1254 473 1312 perversam
494 1236 673 1295 sententiam
694 1236 825 1295 refutare
845 1235 926 1296 velle
947 1240 980 1295 et
1000 1236 1122 1309 longum
1137 1239 1184 1294 est
1198 1254 1294 1314 neque

233 1341 321 1401 huius
343 1342 410 1413 loci,
431 1345 521 1421 atque
542 1343 735 1419 supersedere
755 1343 812 1400 hac
832 1361 865 1401 ne
884 1342 956 1400 licet
974 1345 1131 1418 propterea
1152 1342 1231 1420 qnod
1246 1361 1293 1400 ac·

234 1448 420 1508 curatissime
441 1447 603 1525 explanate
624 1453 672 1506 cst
692 1467 710 1507 a
730 1447 885 1508 Nitzschio
908 1448 945 1506 de
969 1447 1041 1506 bist.
1063 1448 1150 1506 Heus
1172 1447 1294 1518 melett,

234 1555 286 1634 qui
308 1554 389 1613 idem
410 1554 431 1612 l.
453 1574 476 1612 c
497 1555 540 1625 Π,
562 1574 590 1631 p.
618 1558 677 1612 los
701 1572 767 1632 sqq.
788 1556 826 1613 de
846 1555 995 1612 Kremero
1017 1557 1097 1612 recte
1117 1552 1152 1611 in
1173 1552 1293 1613 univer-

182 1729 184 1732 Ι
234 1680 298 1718 sum
320 1658 396 1718 mihi
414 1659 534 1720 videtur
553 1658 694 1718 indicare.

298 1871 381 1931 Haec
401 1872 465 1930 fere
486 1874 558 1929 suut
579 1889 657 1949 quse
674 1870 713 1927 de
728 1869 925 1929 Stesimbroto
948 1869 1063 1928 narrum
1084 1870 1208 1947 possint
1246 1871 1295 1929 De

164 2004 167 2009 ·
232 1977 296 2038 eim
318 1977 438 2053 ingenio
459 1981 492 2036 et
512 1976 676 2036 virtutibus
698 1975 750 2035 vel
770 1951 858 2035 vitiis
880 1975 969 2060 plura
988 1994 1043 2033 uos
1065 1976 1148 2056 loqui
1160 1976 1226 2036 iure
1241 1996 1294 2036 ex-

233 2088 390 2161 spectares,
411 2083 437 2142 si
459 2086 513 2142 aut
533 2082 652 2157 intfflra
673 2082 712 2140 sd
732 2101 787 2140 nos
809 2080 1018 2158 pervenissent
1038 2082 1102 2140 eius
1125 2101 1215 2159 opera
1242 2087 1295 2142 aut

232 2188 363 2247 frustula
390 2207 492 2247 eorum
517 2187 741 2264 fragmentaque
767 2191 830 2246 tam
857 2192 959 2247 essent
986 2189 1094 2259 mults,
1126 2193 1161 2247 ut
1181 2208 1222 2247 ex
1244 2188 1294 2247 his

233 2295 306 2354 certi
327 2293 443 2372 aliquid
465 2295 503 2352 de
524 2298 642 2352 auctam
662 2292 757 2352 statui
778 2297 887 2370 posset
930 2294 1041 2352 Verum
1063 2314 1139 2372 quae
1160 2313 1199 2354 ex
1220 2293 1294 2353 reli·

233 2401 312 2480 quiis
334 2400 399 2459 eius
420 2398 562 2476 suspicari
583 2402 749 2475 possumus,
770 2397 795 2457 si
817 2399 851 2457 in
872 2399 927 2456 hes
947 2398 1204 2478 inquisiverimuq
1230 2399 1293 2459 suis

233 2526 367 2585 quaeque
388 2505 461 2564 loeis
482 2505 625 2563 dicentur.
668 2505 735 2563 Iam
756 2504 850 2578 igitur
870 2524 924 2580 pro
945 2504 1080 2564 instituti
1105 2510 1137 2565 et
1163 2504 1295 2581 suseepti

232 2611 349 2670 ratione
370 2612 408 2669 ds
427 2610 477 2681 iis,
498 2629 574 2690 quoe
595 2630 635 2670 ex
655 2610 794 2687 operibus
816 2609 879 2670 eius
901 2614 1030 2683 exstant,
1051 2630 1117 2670 cum
1137 2630 1208 2670 eura
1221 2610 1294 2669 dili·

232 2715 394 2796 gentiaque
412 2716 624 2794 disputandum
646 2721 701 2776 est

309 3141 433 3199 Poetsm
461 3139 564 3199 fuisse·
590 3140 821 3200 Stesimbrotum
853 3139 1101 3220 quemadmodum
1132 3137 1294 3215 Panyasin,

231 3245 450 3316 Antimachum,
472 3244 556 3318 ulios,
578 3244 649 3324 quia
667 3246 782 3304 nullam
803 3265 875 3322 prae
896 3265 929 3305 se
950 3246 1010 3304 fert
1030 3245 1146 3303 firmam
1164 3243 1292 3302 auctori·

231 3354 340 3421 tetem‚
368 3351 558 3411 omittamus>
590 3354 633 3410 st
657 3370 730 3410 sero
758 3350 881 3411 Homeri
907 3349 1086 3410 carminibus
1107 3347 1293 3426 explicandis

232 3461 365 3516 nostrum
385 3476 504 3533 operam
526 3457 644 3516 dedisse
666 3476 755 3533 supra
776 3457 914 3517 vidimus.
958 3455 1084 3515 Litteris
1106 3458 1205 3514 antem
1219 3473 1293 3513 uum

232 3562 377 3622 eiusmodi
391 3562 578 3641 quaestiones
593 3561 765 3621 Homericus
779 3562 976 3635 mundaverit,
993 3563 1126 3622 nondum
1140 3560 1175 3619 in
1188 3563 1292 3636 aperto

231 3673 286 3728 est.
332 3667 391 3726 Sed
420 3687 460 3726 ex
485 3667 605 3727 Tatiani
632 3667 688 3727 illo
716 3668 792 3740 loco,
821 3687 909 3748 quem
937 3666 998 3727 iam
1023 3668 1140 3746 saepius
1160 3663 1293 3738 laudavi,

231 3773 430 3847 colligendum
451 3773 573 3833 videtur
593 3774 632 3832 de
652 3775 783 3833 Homero
804 3774 914 3834 librum
942 3773 1140 3851 composuisse
1166 3772 1292 3832 Stesim-

230 3883 358 3951 brntm,
378 3900 443 3939 cum
465 3879 485 3938 1.
507 3898 531 3937 c.
552 3878 591 3938 de
611 3878 695 3937 illins
718 3879 810 3955 poesi,
831 3899 938 3954 genere
960 3884 1049 3958 atque
1071 3882 1170 3939 aetate
1194 3877 1293 3953 egisse

231 3987 374 4047 tradatur.
418 3985 630 4044 Verumtamen
659 3985 808 4045 dubitatio
836 3985 945 4058 oritur,
973 4005 1013 4044 sn
1038 3984 1182 4062 peculiari
1201 4003 1293 4061 opere

230 4090 404 4150 Homericae
426 4089 503 4149 tales
524 4090 714 4168 quaestiones
730 4090 905 4150 instituerit
937 4091 1051 4150 Forsan
1066 4089 1215 4169 quispiam
1229 4089 1293 4167 opi-

1402 402 1410 712 1

1404 721 1410 997 1

1405 3104 1410 3417 t

1405 3421 1410 3730 Ι
