2842 4559
669 210 710 269 sc

580 296 698 304 m
699 298 791 305 ......

150 385 247 446 scote
268 384 363 460 igitur
374 385 545 452 Lobeckius
561 384 629 459 Api.
643 404 673 461 p.
692 387 776 446 1168
799 384 907 444 statuit
927 383 1008 443 iuter
1028 379 1219 463 verbaque!

151 496 187 551 et
207 487 283 569 lires
306 490 421 569 aliquid
442 490 610 563 excidisse,
642 495 675 550 et
696 491 859 550 llaellesus
887 490 927 549 ad
948 491 977 549 l.
999 488 1019 548 l.
1040 490 1116 548 bene
1145 492 1216 565 post

152 594 232 675 λέγει
254 596 389 656 lacuum
417 596 571 662 indicavit
630 598 738 659 Verum
761 595 929 655 coniunctio
951 594 1006 654 καί
1023 593 1149 654 evanuit
1173 612 1216 677 ιιι

149 684 262 761 nomen
283 702 394 764 diversi
416 722 435 761 s
456 699 654 761 Stesimbroto
676 700 823 762 auctoris?
867 701 1017 780 Equidem
1039 700 1138 760 lecum
1150 718 1213 759 ‚no-

99 793 101 795 ’
150 812 247 868 suum
269 808 312 866 ita
334 808 523 867 enodandum
544 812 708 868 censeoot
729 809 820 868 verba
840 807 935 886 φησὶν
957 801 1066 865 ὅτι-
1082 804 1125 875 εἰς
1140 825 1214 864 sev-

124 911 136 920 “
149 911 235 972 niolo
255 933 317 972 non
339 914 550 991 minusqusm
572 905 850 992 quseeuteoedunt
863 913 1060 973 Stesimbroto
1080 912 1213 970 tribusn-

149 1027 203 1079 tnr
216 1019 363 1096 (Videtur
384 1020 552 1079 sententies
573 1019 825 1080 mesoFreretins
845 1020 956 1089 farere,
978 1038 1066 1097 quem
1091 1016 1214 1096 quidem

150 1124 327 1185 Welclssrus
350 1127 458 1184 Aeseli.
488 1126 560 1186 Tril.
581 1128 677 1188 Prom.
691 1146 730 1203 p.
754 1129 815 1186 179
839 1126 907 1183 cdn
931 1127 995 1185 264
1025 1123 1098 1184 dicit
1125 1123 1214 1181 verba
1334 1133 1336 1136 ’

144 1232 255 1306 ‘Etyn
280 1229 328 1289 M.
353 1229 448 1309 opole
467 1226 515 1289 ὅτι
536 1256 564 1290 κ.
590 1253 617 1294 τ.
640 1235 667 1294 λ.
681 1235 724 1289 ἰι
746 1230 836 1290 schol.
859 1238 917 1307 Ap.
938 1228 987 1289 noi
1011 1223 1060 1289 ὅτι
1083 1251 1111 1289 κ.
1135 1249 1164 1288 τ.
1186 1228 1212 1284 λ.

146 1335 418 1396 Stesirnbroto
439 1355 499 1395 non
521 1342 601 1396 recte
622 1337 773 1397 tribuisse.
817 1336 884 1400 Qua
905 1342 939 1394 in
960 1355 992 1395 re
1013 1355 1033 1394 a
1054 1313 1212 1395 Welokero

146 1441 320 1519 dissentio).
371 1442 492 1501 Etenim
521 1459 587 1502 mes
613 1443 759 1519 opinione
791 1442 1005 1502 Stesimbrotus
1034 1442 1067 1500 in
1095 1440 1147 1500 illo
1174 1439 1212 1498 dc

144 1547 374 1607 Samothracum
404 1549 556 1624 mysteriis
582 1549 702 1619 libello,
731 1568 798 1607 oum
827 1550 865 1607 de
895 1547 1011 1622 origine
1041 1552 1072 1607 et
1092 1544 1211 1617 nominc

147 1653 307 1711 -Idoeorum
326 1654 517 1731 Dactylosum
539 1661 657 1729 ageret,
679 1656 761 1714 haud
783 1654 873 1713 dubie
895 1655 1031 1714 diversas
1051 1654 1111 1712 iam
1132 1652 1210 1712 auti·

144 1758 250 1836 quitus
272 1761 310 1818 de
331 1762 387 1819 hae
408 1780 440 1819 re
462 1746 625 1819 sententias
646 1762 680 1818 nt
701 1771 757 1835 p‘ar
779 1765 843 1820 erat
864 1760 991 1836 protulit
1015 1759 1128 1817 nullam
1148 1759 1210 1817 tor·

145 1869 231 1924 tasse
252 1883 306 1941 pro
328 1871 410 1925 certa
430 1866 589 1926 venditans
612 1865 751 1943 quoniam
774 1886 823 1924 res
836 1871 903 1924 erat
917 1864 1136 1924 obscurissime
1162 1864 1210 1945 Itu

146 1972 268 2029 domurn
290 1989 441 2049 assequor,
464 1990 525 2048 qua·
543 1972 657 2031 ratione
679 1970 841 2046 scholiasta
865 1970 1018 2047 Apollonii
1040 1976 1071 2028 et
1097 1968 1210 2029 lexico·

142 2077 280 2152 grsphus
309 2081 467 2155 utromque·
494 2077 726 2153 explicationem
755 2080 794 2137 ad
825 2080 952 2138 eundem
982 2076 1211 2136 Stesimbrotum

142 2182 259 2241 referre
284 2182 446 2259 potuerint.
488 2182 555 2241 Tali
573 2175 671 2241 ‘modo
699 2184 726 2242 ei
754 2186 909 2262 utriusque
938 2183 997 2243 loci
1018 2181 1209 2241 difficultates

141 2287 335 2364 expedimus,
356 2288 389 2347 in
411 2294 512 2365 aperto
535 2293 583 2348 est
603 2290 854 2366 errorApollonii
875 2290 1000 2369 eiusque
1023 2288 1209 2357 scholiastae,

143 2392 264 2472 quippe
286 2394 338 2472 qni
360 2395 519 2454 manifesto
535 2395 608 2454 duas
624 2395 757 2454 diversas
772 2396 964 2473 Dactylorum
978 2395 1116 2454 notiones
1131 2393 1209 2452 inter

144 2518 181 2559 se
209 2491 398 2559 contuderint
424 2500 572 2577 Phrygios
600 2505 633 2560 ct
662 2501 821 2561 Cretenses
846 2502 926 2561 inter
954 2522 986 2560 se
1016 2520 1076 2559 non
1098 2499 1208 2559 distin·

144 2607 274 2681 guendo.
319 2607 366 2665 De
384 2625 457 2686 reru
480 2606 672 2683 Dactylosusn
695 2608 793 2684 patria
809 2607 1022 2685 Apolloniiqne
1043 2608 1077 2665 in
1098 2608 1155 2665 hac
1175 2624 1208 2663 re

140 2729 246 2770 encre
268 2713 320 2771 cfr.
342 2712 448 2771 Hoeek
468 2712 487 2770 l
507 2732 533 2771 e.
557 2714 581 2782 Ι,
604 2731 635 2787 p.
658 2716 722 2773 276
747 2733 806 2791 sq.;
836 2713 908 2791 qnid
931 2713 1143 2773 Stesimbrotus
1169 2711 1206 2770 de

142 2814 199 2876 illa
220 2816 362 2887 senserit,
385 2819 423 2875 ob
439 2817 616 2894 paucitatem
631 2819 699 2877 eius
711 2818 906 2897 reliquiarum
921 2818 1079 2878 diiudicari
1093 2817 1208 2895 nequit

212 2921 261 2980 Ex
283 2928 387 2981 nostra
407 2922 500 2997 igitur
520 2923 723 3001 explicatione
745 2925 844 2983 omnis
865 2924 1041 2993 difficultas,
1071 2942 1148 3002 ques
1175 2922 1208 2981 in

141 3029 272 3106 utroque
304 3028 495 3089 Stesimbroti
522 3030 691 3103 fragmento
719 3030 814 3102 inest,
842 3030 967 3090 tollitur.
1018 3032 1152 3107 Namque
1173 3028 1207 3086 in

141 3132 244 3210 Etym.
267 3132 521 3211 locopositiper
544 3136 720 3211 particulam
742 3135 792 3195 καὶ
815 3136 864 3197 vel
885 3136 987 3213 potius
1014 3137 1139 3194 fortasse
1161 3128 1205 3193 ὶίι
1232 3181 1234 3183 .

142 3234 180 3296 di
203 3239 338 3315 (propter
359 3239 587 3300 similitudinem
610 3243 822 3321 subsequentis
844 3238 892 3301 ὅτι
914 3242 1015 3301 nescio
1041 3260 1080 3301 an
1107 3237 1204 3316 negli-

141 3343 247 3417 gentia
269 3344 424 3423 omissum)
445 3346 494 3405 sel
516 3348 606 3407 alium
628 3350 778 3409 eiusmodi
799 3348 986 3408 intercidisse
1008 3346 1074 3407 veri
1094 3351 1143 3407 est
1162 3346 1205 3406 si·

142 3448 317 3508 minimum.
360 3450 408 3511 Ite
429 3453 540 3512 nollem
562 3455 653 3512 habet
673 3455 737 3515 sim
768 3455 849 3534 qnod
871 3454 1022 3513 Lobeckio
1041 3453 1204 3514 incommo-

142 3555 217 3613 dum
239 3552 364 3627 videtur,
387 3557 487 3630 „Iovis
509 3559 624 3618 filios
645 3559 705 3626 dici
727 3580 788 3631 eos,
810 3560 863 3639 qni
877 3561 915 3618 ab
930 3578 966 3619 eo
981 3579 1041 3619 son
1055 3559 1206 3637 progeniti

142 3660 199 3719 ssd
220 3661 305 3720 insse
328 3662 393 3722 eins
415 3684 432 3723 e
455 3668 535 3724 terra
555 3664 622 3741 ipse
644 3666 742 3725 exorti
765 3672 863 3725 snnt“
908 3667 1017 3725 contra
1046 3666 1159 3727 diversi
1186 3686 1206 3725 s

140 3766 341 3827 Stesimbroto
370 3769 500 3829 suetonis
529 3790 637 3829 nomen
659 3772 740 3832 inter
762 3769 847 3848 λέγει.
862 3779 895 3831 et
917 3771 1013 3851 φησίν
1036 3772 1204 3841 evanuisse,

137 3873 391 3949 quemadmodem
412 3876 581 3935 Lebeckius
603 3885 635 3938 et
655 3878 820 3937 Muellerus
841 3882 978 3947 censent,
1004 3877 1130 3952 cogitari
1151 3875 1205 3935 vix

139 3983 244 4054 potest
263 3983 423 4055 propterea
444 3982 525 4059 qnod
542 3984 646 4043 eadem
661 3984 856 4044 Stesimbroto
877 3984 1012 4057 assigmt
1032 3982 1204 4053 scholiasta,

140 4083 213 4163 qui,
240 4089 277 4144 ut
298 4085 468 4145 Lobeekius
488 4090 640 4162 comedit,
667 4090 887 4152 incredibiliter
912 4108 1029 4148 enasse
1053 4089 1204 4166 putandus
