2842 4559
664 233 702 291 ΙΙ

152 402 201 469 :tt
231 404 265 468 di
293 402 480 490 (Niceratum
505 401 678 489 alloquens)
707 400 939 487 Στησιμβρότῳ
967 402 1070 466 sesai
1090 400 1210 477 Ἀναξι.

150 509 283 595 pc'rdpsp
311 511 361 572 sai
390 507 496 580 ἄλλως
518 513 643 582 πολλοῖς
665 507 744 571 aeti
768 508 906 580 ὑίδωκσις
934 503 1102 587 ἀργύριον,
1130 503 1211 572 «tau

151 614 246 678 edatis
268 638 302 676 aa
326 619 389 677 sris
411 619 529 676 „cassae
552 613 648 688 ἀξίων
669 614 791 692 λέληθε.
829 616 888 675 His
910 615 1009 675 verbis
1032 616 1212 676 Stesimbrc·

150 702 201 783 tna
215 729 248 784 at
264 723 488 782 Anaximander
508 722 639 782 indoctis
661 721 829 797 rhapsodia
850 721 902 799 qni
919 716 975 789 τὰς
990 712 1140 791 ὑπονοίας
1154 716 1212 782 esis

151 826 341 901 inieramus,
357 848 480 906 prorsus
495 830 575 888 hand
589 828 681 887 dnbio
696 832 896 903 opponuntur.
927 826 1057 899 Etenim,
1073 827 1099 885 si
1114 827 1212 888 locun

150 940 229 995 recte
256 936 360 1011 capio,
397 936 534 995 Socrates
566 934 666 994 verbis
696 929 736 992 ori
767 929 801 992 a*
832 934 887 992 κτλ
924 932 1014 995 dicit:
1056 934 1102 993 Ta
1132 952 1211 1005 vera,

150 1040 307 1111 Nicerate,
340 1060 401 1099 non
430 1040 601 1100 memor-iter
628 1046 744 1100 tantam
771 1038 965 1116 pronuntiare
994 1040 1117 1098 Homeri
1137 1058 1209 1116 poe·

150 1152 231 1207 mata
252 1147 375 1224 poteris,
398 1148 452 1206 sed
472 1141 633 1216 certatim
655 1138 806 1213 ὑπονοίας
828 1165 930 1204 eorum
951 1144 1087 1219 cognitas
1109 1146 1211 1217 habes,

150 1271 221 1311 nam
242 1259 276 1311 tu
298 1253 497 1312 Stesimbroto
519 1251 648 1329 aliisque
669 1270 742 1310 usas
771 1269 804 1309 es
825 1251 938 1310 talibus
960 1252 1210 1327 praeceptoribus,

152 1364 188 1418 nt
206 1358 285 1417 nihil
313 1362 346 1416 te
367 1360 471 1432 sugere
491 1358 590 1434 possit
611 1376 732 1427 cannas
745 1376 821 1434 qnae
844 1355 876 1415 ia
899 1356 960 1416 iilis
981 1357 1121 1432 operibus
1142 1375 1210 1431 gra·

151 1464 201 1524 ria
222 1469 294 1524 sant
316 1469 349 1523 et
368 1483 475 1537 magno
497 1469 663 1539 momento,
692 1464 723 1521 h.
745 1481 770 1521 e.
791 1461 944 1521 doctrinae
975 1462 1210 1540 sapientiaeque,

152 1590 229 1648 qnae
252 1573 286 1629 in
307 1570 348 1629 iis
369 1569 453 1649 latet.
489 1569 603 1647 Utique
626 1573 724 1627 antem
747 1569 804 1627 hoc
827 1567 892 1627 loco
911 1587 970 1628 nen
985 1568 1046 1626 nisi
1060 1568 1099 1627 de
1120 1568 1211 1628 intel·

153 1676 285 1750 ligendis
306 1683 337 1735 et
358 1675 592 1753 interpretandis
607 1675 732 1734 Homeri
753 1674 934 1734 carminibus
948 1674 1140 1748 cogitandum
1154 1679 1211 1734 est.

152 1777 224 1864 (τὰς
245 1774 442 1851 ἐπινοίας
464 1779 671 1852 ἐπίστασθαι,
699 1777 793 1839 aridis
823 1783 896 1839 reis
918 1781 1062 1837 πολλοί
1087 1775 1211 1850 ἀξίων
1241 1771 1245 1774 ’

153 1881 289 1967 stapes).
334 1886 384 1946 Sic
405 1906 547 1963 expresse
570 1886 783 1946 Stesimbrotas
806 1886 843 1943 ab
865 1884 931 1943 illis
945 1884 1103 1960 rhapsodia
1125 1903 1210 1960 espa·

152 1998 244 2063 ratur,
266 2011 392 2070 qumans
414 1993 544 2052 stultitia
568 1992 658 2051 antea
680 1991 820 2067 carpitur.
856 1991 1037 2068 Nentiqaam
1059 2010 1129 2049 nero
1151 1990 1212 2049 ists

153 2097 285 2156 domatis
313 2099 404 2157 verbs
432 2098 559 2157 ironiam
581 2098 716 2175 sapiant,
745 2102 780 2157 at
808 2118 840 2156 re
862 2116 933 2156 vera
955 2097 1124 2171 significent
1145 2097 1211 2156 aaa

151 2204 328 2263 simbrotum
349 2212 381 2264 et
402 2205 665 2264 Anaximandrum·
682 2222 776 2282 ecque
798 2204 924 2262 stolidos
944 2222 1011 2262 esse
1032 2209 1122 2282 atque
1142 2183 1216 2262 illos
1263 2263 1265 2265 ,

151 2311 325 2388 rhapscdcs.
361 2310 445 2373 Quae
468 2310 587 2388 quidem
610 2310 741 2370 Weiskii
762 2316 809 2369 est
830 2310 931 2386 opinio
960 2329 1058 2389 neque
1080 2310 1168 2369 aliter
1187 2308 1212 2367 ii

152 2416 289 2475 cendant
310 2415 363 2493 qui
378 2417 567 2475 Stesimbroti
589 2416 754 2476 virtutibus
776 2418 951 2476 obtrectant.
989 2417 1051 2475 Sed
1072 2415 1212 2494 equidem

152 2521 275 2580 omnino
295 2542 356 2581 non
378 2541 499 2598 possam
520 2523 656 2599 assequi.
682 2542 741 2601 qua
763 2522 932 2581 rationein
953 2523 1002 2580 his
1024 2519 1212 2598 simplicissi-

56 2705 63 2712 ι
153 2626 213 2685 mis
241 2628 500 2706 apertissimisque
525 2628 625 2687 verbis
653 2628 750 2687 ironia
779 2628 879 2688 inesse
906 2628 1103 2703 putandasit
1124 2645 1211 2703 prae·

153 2732 257 2791 sertim
287 2733 503 2793 sententiarum
532 2747 629 2794 nexas
656 2741 794 2811 respectu
823 2734 942 2806 hebit03
973 2754 991 2791 a
1018 2738 1120 2793 nostro
1148 2732 1211 2791 loco

154 2838 212 2897 ille
232 2857 354 2915 prorsas
374 2845 424 2899 est
444 2840 551 2911 aliena,
572 2840 631 2899 etsi
653 2840 686 2900 in
706 2840 877 2899 animrsanr
894 2841 1044 2899 Socratem
1066 2842 1098 2899 in
1118 2839 1211 2898 ironi-

153 2945 199 3003 cis
227 2945 409 3005 dictionibus
438 2947 628 3033 proferendis
655 2946 715 3005 sibi
746 2946 893 3023 placuisse
914 2947 1133 3006 concedendum
1155 2949 1212 3004 est.

155 3051 369 3111 Stesimbrctns
390 3051 483 3124 igitur
504 3053 654 3130 interpres
675 3053 799 3112 Homeri
820 3049 976 3125 iudicatas.
1014 3053 1213 3112 Vehementer

152 3162 254 3216 autem
276 3163 324 3222 ost
344 3157 523 3232 dolendum,
547 3161 628 3237 qaod
650 3160 688 3219 de
709 3159 931 3218 Anaximandro
952 3157 1021 3229 illo,
1049 3158 1101 3235 qui
1123 3155 1213 3216 simul

153 3282 221 3321 eam
235 3269 335 3322 nostro
351 3270 540 3334 memoratur,
561 3265 640 3323 nihil
653 3265 727 3325 certi
742 3270 926 3341 compertum
942 3265 1094 3324 habemas.
1119 3266 1211 3324 Nam·

154 3386 213 3445 qne
235 3369 325 3428 haina
348 3369 564 3429 Anaximandri
578 3371 742 3431 accuratior
755 3370 864 3430 notitia
878 3370 1036 3447 plurimum
1051 3369 1126 3430 lucis
1141 3388 1212 3429 sane

153 3471 261 3530 afferre
282 3472 380 3546 possit
408 3476 449 3534 ad
475 3476 683 3536 illustrandam
711 3478 950 3536 Stesimbrctum.
987 3478 1058 3554 Ipse
1087 3476 1212 3536 Wolfius

153 3577 286 3654 prclegg.
308 3598 338 3655 p.
354 3583 417 3641 162
433 3601 463 3640 n.
480 3586 522 3643 23
536 3577 581 3665 (p.
598 3585 639 3644 97
655 3584 702 3642 ed.
719 3579 766 3665 11)
788 3583 879 3641 istam
901 3601 1007 3658 parurn
1028 3602 1094 3642 osee
1109 3588 1213 3642 notum

153 3683 291 3743 affirmat.
330 3687 390 3744 Sed
412 3688 653 3764 Xenophonteas'
674 3688 899 3748 Anaximander
923 3688 1024 3747 neseio
1053 3708 1093 3748 an
1115 3688 1213 3748 minor

153 3788 196 3848 ait
216 3789 364 3862 Milesias,
385 3812 475 3872 quem
496 3794 606 3853 Saidas
626 3814 655 3853 v.
670 3792 913 3870 ἉναξιζιιακΙρυς
933 3794 1111 3854 Artaxerxis
1127 3797 1211 3853 Mne·

153 3895 254 3954 monis
276 3903 377 3957 aetate
406 3899 521 3959 vixisse
546 3904 592 3960 et*
612 3895 780 3974 συμβόλων
807 3898 1037 3976 Πυθαγοριίων
1070 3892 1214 3977 ἐξήγησιν

153 4001 368 4078 conscripsisse
397 4010 532 4065 testator.
569 4010 611 4066 At
638 4025 709 4065 vera
731 4005 928 4081 Lampsaceni
955 4024 1073 4084 qaoque
1096 4004 1212 4064 Anaxi·

153 4107 272 4167 mandri
291 4109 404 4170 mentio
426 4111 462 4170 tit
481 4113 561 4189 apud
583 4111 775 4187 Fulgentiam
795 4112 894 4188 Mytb.
915 4111 948 4181 I,
970 4130 1000 4186 p.
1017 4114 1058 4172 27
1082 4111 1130 4169 ed.
1145 4111 1213 4170 Bes.
