2842 4559
744 234 786 291 22

752 323 756 324 ⁷
779 319 870 326 Μ

299 409 424 467 Praeter
444 408 501 467 hoc
521 427 613 467 unum
637 409 676 467 do
697 408 827 467 Homero
853 404 1058 466 testimonium
1088 404 1147 464 trin
1176 408 1293 464 tantum
1395 371 1409 399 ⁸

233 511 490 590 interpretationis
511 513 685 573 Homericae
707 514 845 590 exemple
863 513 897 572 in
927 511 1047 572 scholiis
1067 511 1143 571 Ven.
1164 514 1294 570 exstant
1360 525 1363 533 ·

300 619 381 678 Satis
394 619 545 679 subtiliter
555 619 686 697 explicet
701 619 826 697 (rr.-11.),
839 638 891 678 cnr
901 620 1010 677 Nestor
1022 616 1170 694 imprimis
1184 617 1221 675 Il.
1235 617 1293 688 XI,

236 730 300 784 636
323 744 415 784 senex
436 726 548 801 grande
574 725 710 803 poculum
740 725 828 784 facile
856 724 964 783 tollere
990 723 1119 794 dicetur,
1148 742 1211 782 canu
1241 721 1293 781 olii

234 849 296 890 nou
316 831 477 908 potuerint.
509 831 630 890 Etenim
643 831 745 892 verbis
760 835 879 908 poetae:
901 825 992 899 ἄλλος
1005 826 1063 907 μὲν
1076 824 1198 905 μογέων
1212 822 1291 886 dne·

235 928 399 1014 κενήσασκε
422 932 590 1015 τραπέζης,
613 938 718 997 πλεῖον
739 935 793 996 ἐὸν
808 936 883 1013 (scil.
898 931 994 1004 deirae
1007 955 1037 995 v.
1054 935 1140 1010 632),
1162 929 1292 1010 Nicrmp

234 1033 285 1099 δ’ὁ
306 1037 406 1119 ys'pmv
426 1037 559 1120 ἀμογητὶ
579 1037 681 1120 ἄειρεν
709 1063 846 1118 magnam
867 1042 930 1101 vim
952 1046 984 1101 et
1004 1041 1094 1100 robur
1114 1038 1194 1098 senis
1215 1038 1292 1098 desi·

234 1146 321 1221 gnari
342 1167 403 1206 non
423 1147 525 1225 inepte
545 1151 642 1226 putet,
662 1148 705 1208 itn
725 1149 853 1228 quidem,
874 1153 909 1207 ut
922 1148 1046 1228 liqueat,
1068 1150 1196 1225 quantus
1210 1144 1295 1219 vigor

234 1251 353 1311 iuvenis
374 1254 508 1313 Nestoris
530 1255 630 1314 fuerit.
675 1255 758 1315 'l'alis
781 1254 952 1332 explicandi
979 1253 1056 1313 ratio
1085 1271 1188 1311 sanam
1214 1252 1293 1310 haud

236 1357 326 1417 dubie
346 1358 506 1436 interpreti
527 1366 658 1420 mentem
679 1361 814 1420 vindicat
835 1361 900 1438 (cfr.
920 1361 1027 1437 Hoyne
1048 1360 1086 1418 sd
1106 1360 1138 1417 lu
1158 1358 1201 1434 1.).

303 1464 403 1523 Minus
424 1466 610 1542 perspicuum
632 1473 679 1526 est
708 1467 781 1546 quid
803 1467 1017 1526 Stesimbrotus
1037 1464 1137 1525 verbis
1161 1464 1210 1541 (Il.
1225 1463 1294 1533 XV,

242 1569 317 1646 193)
339 1576 413 1647 γαΐα
433 1565 507 1630 ‹l‘i'u
531 1567 606 1650 ’ξυνὴ
630 1570 680 1630 καὶ
703 1566 825 1648 μακρὸς
843 1566 1007 1647 Ὄλυμπος
1029 1570 1134 1629 fecerit
1152 1570 1201 1646 (fr.
1223 1568 1294 1645 ΙΠ.)

236 1678 294 1746 An,
316 1676 395 1755 quod
417 1676 577 1736 scholiasta
599 1678 672 1736 dicit
694 1697 762 1736 eum
782 1678 828 1735 ita
848 1676 1004 1748 divisisse,
1028 1676 1150 1753 respicit
1171 1677 1210 1735 ad
1231 1674 1294 1733 eins

235 1779 521 1858 interpretationem,
536 1784 680 1863 quemodo
695 1787 784 1860 poeta
798 1783 896 1842 dicere
909 1782 1020 1859 possit:
1036 1789 1108 1859 γαΐα
1123 1778 1161 1839 di
1174 1801 1202 1838 rr
1218 1773 1292 1856 ’ξυνὴ

235 1886 285 1944 καὶ
307 1882 430 1964 μακρὸς
446 1883 629 1965 Ὄλυμπος.1
673 1890 734 1949 Sed
764 1890 790 1947 si
812 1889 856 1948 ita
874 1893 978 1948 noster
1000 1889 1079 1947 hunc
1097 1886 1193 1945 locum
1215 1903 1294 1944 acoe-

235 1990 338 2068 pisset,
360 2012 432 2051 sene
453 1993 617 2054 hariolatus
640 2014 706 2055 esse
726 1995 894 2066 videretur3
924 2014 991 2053 uem
1015 2013 1074 2072 quo
1094 1992 1183 2050 modo
1202 1992 1296 2050 verbs

236 2097 372 2157 dividere
393 2096 814 2178 ροῐιιοῐί1γαῖαι1ετιξυινῆ,
835 2121 897 2161 non
918 2118 1067 2179 assequor.
1109 2096 1296 2174 Quapropter
1407 2147 1408 2150 ,

236 2202 344 2261 scholii
365 2206 458 2263 verba
480 2198 608 2283 Κράτης
632 2253 640 2270 .
666 2250 674 2266 .
696 2204 746 2265 καὶ
771 2205 1009 2284 Στησίμβρηιος
1024 2198 1126 2272 οὕτως
1147 2200 1295 2261 δέδασται

236 2327 341 2367 manca
362 2328 427 2368 esso
449 2314 481 2368 et
500 2309 640 2370 mutilata
660 2311 780 2388 Heynio
802 2310 987 2370 assenserim.

304 2413 383 2472 Hira
410 2433 482 2474 senc
510 2414 573 2473 eius
604 2415 661 2474 loci
683 2416 733 2492 (ll.
754 2416 848 2488 XXI,
876 2417 930 2493 76)
960 2414 1120 2491 explicatio
1149 2416 1209 2484 est,
1238 2430 1297 2491 qno

238 2519 366 2595 supplex
379 2520 508 2597 Lycaon,
528 2520 641 2580 Priami
662 2522 753 2594 filins,
774 2522 924 2582 Achillem
945 2521 1073 2580 mulcere
1093 2520 1209 2578 studet:
1232 2510 1296 2590 nde

237 2618 298 2701 γὰρ
315 2622 362 2684 eoi
379 2619 502 2712 πρώτῳ,
510 2621 660 2705 πασάμην
674 2620 862 2706 Δημήτερος
876 2622 975 2705 ἀκτήν
989 2628 1037 2704 (fr.
1051 2626 1126 2702 lt).
1148 2623 1297 2684 Nimirum

236 2728 327 2789 nimis
346 2730 434 2806 longe
454 2732 628 2809 repetitam,
656 2732 748 2791 immo
776 2732 908 2810 ineptam
930 2734 994 2792 fere
1014 2734 1118 2791 horum
1139 2732 1298 2790 verborum

236 2836 452 2897 Stesimbrotus
475 2838 563 2897 affert
583 2857 714 2910 censam,
743 2838 769 2897 si
798 2839 942 2899 declarat·
958 2840 1099 2897 barbaros
1129 2835 1298 2914 (Troianos)

237 2962 298 3002 non
320 2944 408 3003 cdere
423 2938 550 3022 diptica,
576 2943 644 3003 ideo
659 2946 829 3023 Lycaonem
848 2945 905 3005 illn
925 2944 1018 3024 loqui.
1050 2943 1111 3001 Suo
1124 2942 1218 3016 igItur
1230 2940 1298 3000 iure

236 3048 398 3109 scholiasta
418 3052 553 3109 nostrum
575 3050 629 3108 hoc
650 3050 714 3110 loco
737 3050 936 3127 reprehendit.

303 3155 369 3214 Hae
391 3162 463 3213 sunt
489 3154 714 3215 Homericorum
736 3156 926 3215 Stesimbroti
951 3155 1117 3216 stndiomun
1144 3152 1299 3233 reliquiae,

238 3260 390 3335 pauciores
411 3260 543 3337 proiecto
566 3280 655 3340 quam
676 3261 711 3320 ut
732 3261 882 3321 sufficiant
903 3262 942 3320 sd
963 3266 1074 3321 certam
1089 3262 1126 3320 de
1139 3260 1193 3319 illo
1209 3277 1298 3335 opere

237 3367 417 3425 sententiam
438 3366 600 3426 samniam
644 3368 704 3427 Sed
725 3367 856 3427 vidimus
883 3368 974 3429 etiam
994 3387 1088 3444 nugas
1108 3370 1243 3425 nostrum
1263 3363 1297 3424 iu

238 3471 414 3548 explicando
434 3472 564 3532 Homero
586 3473 756 3550 protulisse,
778 3479 811 3533 et
830 3472 948 3550 saepius
967 3491 1035 3531 eum
1056 3472 1112 3531 teli
1126 3472 1213 3530 modo
1228 3489 1297 3547 pec·

236 3596 319 3636 casse
339 3576 405 3636 veri
427 3581 473 3636 est
495 3578 601 3639 simile.
644 3581 749 3659 Neque
770 3583 871 3639 tamen
891 3579 961 3639 ideo
983 3577 1104 3637 omnino
1125 3584 1236 3636 temere
1265 3578 1298 3634 et

235 3681 304 3744 sine
324 3680 427 3742 iudicii
447 3683 616 3744 subtilitate
638 3692 728 3764 atque
749 3684 883 3745 acumine
896 3686 1059 3744 Homerum
1077 3687 1221 3743 tractasse
1241 3701 1297 3759 pu·
1407 3747 1409 3753 ,

237 3788 421 3848 taudns'aut
441 3787 567 3849 inertiae
586 3790 795 3871 socordiaeque
809 3791 975 3866 arguenda
989 3796 1045 3850 est
1076 3791 1154 3850 Ham
1168 3787 1298 3866 optimus

238 3914 355 3974 quoqne
375 3893 523 3970 interpres
538 3893 689 3955 interdum
712 3901 801 3957 errat
842 3896 959 3957 Deinde
973 3902 1073 3957 antem
1086 3895 1120 3955 in
1135 3899 1236 3972 aperto
1251 3896 1300 3953 est

238 4000 467 4060 Stesimbrotum
496 4019 558 4060 non
585 4000 619 4060 in
648 4000 808 4076 sllegorica
828 4001 1027 4079 explicatione
1049 4021 1082 4062 se
1102 3999 1298 4071 continetiam

236 4104 337 4182 potius
359 4104 415 4164 illa
443 4123 519 4184 quoe
541 4109 663 4165 exstant
692 4105 961 4184 interpretamenta
989 4108 1109 4167 omnino
1129 4125 1193 4166 non
1211 4105 1298 4165 redo·
