2842 4559
718 199 759 258 28

208 374 284 435 biris
297 374 331 434 in
344 376 400 435 hoa
413 373 536 448 regione
551 373 638 434 onltis
652 374 838 434 nominatam
854 393 929 444 esse,
943 391 1004 432 non
1018 371 1115 431 video.
1147 372 1275 450 Quippe

206 467 554 557 ”apenninos-onumen
575 481 696 559 aliquod
719 481 855 540 divinum
878 500 896 539 a
917 480 991 551 loeo,
1010 479 1075 538 sive
1096 480 1180 550 urbe,
1203 479 1275 562 sive

204 585 345 656 flamine,
367 586 431 645 sive
453 592 562 656 monta,
584 579 837 664 nornen‘aooepit,
859 583 953 645 veluti
974 585 1060 643 Rhea
1081 584 1240 661 ‚,Cybele“.
1253 604 1273 644 a

206 691 328 769 Cybelo,
349 692 553 769 „Dindymea‘t
576 711 594 750 a
616 692 778 769 Dindyma,
800 690 1036 768 „Bereoynthis“
1051 709 1070 749 a
1084 677 1272 767 Berecynthu

206 797 273 874 (etr.
296 798 426 857 Creuner
440 797 539 874 symb.
554 799 597 869 ΙΙ,
610 812 640 874 p.'
656 800 698 858 36
716 799 783 876 sq.).
820 796 1015 873 'Quamquam
1036 795 1210 874 plerumque
1224 796 1273 855 ita

205 904 250 974 tlt,
272 909 306 962 ut
325 905 554 985 Neubaeuaerus
574 904 659 964 vult
694 906 755 964 Sed
775 908 894 985 uetusto
911 902 1099 962 Stesimbroti
1121 887 1270 960 ‹liluoido-

208 1028 266 1088 que
288 1009 460 1068 testimonio
482 1029 542 1068 non
563 1013 611 1068 est
631 1017 682 1069 eur
703 1011 887 1069 diffidamus·
912 987 1040 1067 Cabirus
1055 1027 1139 1065 mons
1153 1007 1185 1065 iu
1201 1007 1270 1066 uni·

205 1135 326 1176 versam
348 1121 395 1175 est
416 1115 547 1189 ignotus,
576 1116 623 1175 De
645 1135 681 1175 eo
699 1116 859 1194 videqnae
874 1114 1044 1188 Lobeckius
1058 1114 1079 1171 l.
1095 1133 1118 1171 n
1132 1116 1268 1189 p.·1216

205 1223 275 1281 adn.
296 1220 378 1280 dioit.
399 1222 507 1280 Procul
536 1221 626 1281 dubio
652 1213 738 1291 mons
764 1222 807 1280 ad'
824 1220 986 1298 Phrygiam
1014 1220 1199 1278 revoeaudus
1220 1226 1271 1279 ast

207 1328 274 1406 (err.
297 1329 381 1414 serv.
402 1328 441 1385 aa
464 1320 552 1400 vag.¹
570 1310 721 1397 lenivi,
744 1330 807 1388 aaa
830 1327 897 1399 0011.
920 1327 1016 1385 sana.
1031 1327 1095 1385 xn
1114 1326 1213 1401 exn),
1234 1330 1271 1383 ut

206 1432 298 1494 οῒίαιιι
321 1452 429 1492 nornen
451 1432 664 1510 Bereoynthiae
686 1433 779 1493 donet
816 1412 978 1491 Latissime
999 1436 1106 1506 autem⁴
1120 1427 1269 1508 antiquis·

205 1538 292 1598 einis
312 1539 498 1614 temporibus
511 1537 651 1615 'Phrygia
672 1532 772 1615 patuit
792 1540 842 1598 ita·
865 1545 899 1598 ut
929 1537 1021 1597 etiam
1043 1537 1170 1598 Pontias
1194 1538 1270 1595 urbs

207 1645 316 1704 Cabira
346 1645 411 1720 (etr.
434 1645 560 1725 Creuner
580 1645 601 1703 1.
623 1664 647 1703 o.
669 1645 711 1715 II,
733 1664 762 1721 p.
785 1647 863 1721 313)
892 1645 931 1702 ad
960 1643 1057 1720 ipsam
1084 1642 1270 1719 pertinuisse

207 1750 351 1811 rideatur.
386 1737 598 1810 Steaimbrotus
611 1750 713 1825 igitur,
735 1754 806 1827 quia
820 1751 992 1828 cabirorum
1013 1768 1122 1826 nomeu
1136 1768 1154 1807 a
1169 1750 1269 1824 Phry·

206 1856 276 1931 giae
297 1856 538 1934 (Berecynthiae)
568 1861 668 1915 monte
696 1857 827 1927 derivat,
855 1857 936 1915 inter
957 1856 1163 1939 Samothraoes
1192 1855 1270 1911 deos

206 1962 322 2031 Bbearn
349 1961 511 2038 Phrygiam
541 1981 564 2041 s.
583 1951 714 2042 'Rheam
731 1963 866 2038 Cybelen
886 1960 1102 2031 numeraverit,
1125 1966 1191 2018 aum
1213 1959 1271 2017 alii

207 2067 357 2127 Axierum'
373 2067 502 2126 habeant
524 2068 669 2127 Cererem.
708 2069 776 2127 seu
799 2064 897 2138 Ceres,
922 2070 1033 2143 Magna
1054 2068 1160 2135 Mater,
1180 2066 1271 2123 Rhea

205 2173 347 2249 Phrygia,
368 2172 492 2232 numina
513 2178 582 2232 sunt
602 2174 765 2233 tam-inter
787 2194 819 2232 sa
838 2180 962 2248 cognata
975 2181 1006 2233 et
1021 2172 1133 2232 similia
1153 2174 1189 2229 ut
1202 2171 1270 2229 fere

205 2277 320 2337 nullum
342 2278 424 2337 inter
443 2278 509 2354 ipsa
531 2259 691 2338 discrimen
713 2279 805 2337 statui
825 2279 929 2355 possit
1041 2339 1043 2341 .

205 2419 211 2424 ·
271 2384 322 2441 Ex
349 2384 407 2442 hoo
434 2385 473 2442 de
499 2403 558 2462 quo
580 2384 680 2459 agitur
702 2385 893 2445 Stesimbroti
915 2387 953 2445 de
982 2383 1134 2463 mysteriis
1162 2381 1269 2440 libello

205 2489 287 2548 baud
298 2489 400 2548 alubis
422 2490 589 2551 desumtum
602 2485 659 2549 vest
681 2491 780 2564 atiam-
796 2491 829 2550 id
843 2493 1050 2566 fragmentum,
1072 2491 1152 2570 qnod
1165 2491 1269 2566 Etym.

203 2596 249 2653 «ΙΙ.
262 2615 294 2653 v.
316 2593 472 2668 Αἴσηπος
493 2601 524 2654 et
545 2597 624 2673 apud
646 2596 789 2655 Taetrum
811 2597 850 2655 ad
871 2599 1018 2674 Lycophr.
1040 2616 1072 2673 p.
1096 2599 1138 2656 42
1164 2601 1270 2654 exstat

207 2695 259 2785 (ir.
275 2701 367 2776 ΙΙΙ).
400 2701 566 2778 Dionysum
586 2701 667 2760 enim
688 2701 722 2760 in
743 2702 804 2761 illis
824 2703 974 2779 mysteriis
996 2704 1108 2762 nultum
1122 2719 1189 2761 esse
1205 2700 1269 2760 iam

206 2826 262 2883 per
283 2826 315 2865 se
336 2807 497 2866 admodum
518 2812 567 2866 est
589 2808 731 2867 credibile
753 2809 824 2885 quis
846 2809 900 2867 ille
922 2810 997 2868 daus
1017 2828 1085 2868 cum
1105 2809 1188 2866 llhea
1205 2808 1267 2883 Cy·

201 2913 283 2984 bale,
304 2913 369 2972 sive
391 2915 501 2987 Magna
521 2915 615 2973 Matre
631 2910 696 2974 sire
713 2916 827 2986 Cerere,
849 2919 954 2973 natura
975 2934 1031 2973 sua
1051 2923 1113 2974 tam
1134 2918 1196 2972 arte
1219 2919 1271 2972 est

202 3018 380 3078 uoninnetus
408 3024 444 3078 ut
471 3022 509 3080 ab
537 3021 628 3080 bruun
641 3022 723 3081 v<leuse
745 3021 840 3094 oultn,
866 3020 1025 3097 praeeipue
1051 3021 1084 3079 iu
1104 3018 1268 3096 mysteriis,

203 3125 331 3184 nonsit
357 3127 551 3202 separandum
580 3128 677 3203 ipsam
705 3147 777 3188 vero
807 3128 839 3186 iu
861 3129 910 3186 his
931 3127 1077 3186 eximium
1097 3126 1267 3186 ueneratio·

205 3229 253 3288 nis
274 3230 370 3291 meum
393 3231 558 3290 obtinuisse
579 3238 710 3292 nonest
734 3253 786 3291 eur
806 3235 1013 3292 demonstrem.
1059 3234 1120 3292 Sed
1147 3232 1266 3308 Diony·

203 3355 256 3395 ana
276 3338 370 3396 etiam
400 3337 626 3410 inCabirorum
648 3357 771 3397 numero
792 3340 915 3399 imbitur
936 3344 984 3397 est
1004 3343 1040 3398 ut
1071 3344 1151 3398 eerts
1181 3344 1266 3397 vete·

201 3462 269 3502 rum
292 3443 466 3503 testimonia
487 3445 687 3519 comprobent.
734 3445 922 3514 Antenorem,
946 3463 1035 3522 quem
1049 3448 1189 3504 Mnaseas
1203 3449 1266 3503 ter·

204 3549 280 3609 tium
303 3549 428 3607 exhibet
449 3549 605 3621 Cabinam,
634 3551 737 3610 Hostes
758 3557 805 3611 est
826 3556 858 3610 st
879 3550 930 3610 hio
951 3551 1071 3628 quidam
1094 3570 1148 3627 pre
1169 3550 1266 3609 Hera-

203 3655 270 3716 oliti
290 3655 418 3732 Ephesii
438 3655 613 3715 auctoritate
634 3656 714 3715 inem
736 3661 826 3735 atque
841 3658 996 3734 Dionysus
1017 3657 1199 3734 (Heraclitus
1216 3675 1266 3731 ap.

203 3762 297 3821 Clam.
319 3762 409 3821 Alex.
430 3762 523 3819 Prota.
544 3780 574 3837 p.
596 3765 639 3823 30
654 3756 711 3844 R).
743 3763 912 3822 Scholiasta
933 3762 1034 3839 Apoll
1047 3764 1143 3822 Rhod.
1158 3762 1184 3833 I,
1200 3764 1265 3822 917

203 3868 297 3928 rores
318 3888 337 3926 a
357 3866 512 3926 nonnullis
534 3868 608 3925 duos
628 3868 732 3927 haberi
754 3868 886 3939 Cabirus,
907 3869 1010 3928 Iouam
1037 3873 1070 3927 et
1088 3868 1268 3944 Dionysum.

204 3974 319 4033 Eadem
340 3975 405 4034 fere
426 3973 518 4032 verba
539 3972 573 4031 in
593 3974 695 4050 Etym.
717 3976 759 4033 m.
782 3978 815 4034 st
835 3975 912 4033 Gud.
932 3994 964 4034 r.
985 3969 1136 4051 Κάβειροι
1158 3972 1266 4046 legun·

203 4087 261 4141 tar.
283 4129 287 4135 .
306 4080 406 4139 Etiam
434 4080 522 4156 apud⁴
537 4078 710 4138 Cineroaen
731 4080 783 4157 (N.
805 4082 842 4141 1).
864 4082 930 4153 III,
957 4083 1013 4159 23)
1034 4079 1142 4140 tertius
1164 4078 1268 4138 Cabiri
