2842 4559
237 391 284 450 Da
306 389 364 468 quo
392 391 512 469 quidem
540 391 616 450 loeo*
633 392 686 452 eir.
709 391 837 450 Vossius
865 392 902 448 de
924 389 1008 448 hiet·
1025 408 1067 464 gr.
1089 387 1144 448 lib
1161 391 1193 459 Ι,
1226 391 1296 450 od
1406 399 1407 416 ¹

236 513 267 572 p.
291 496 333 557 25
355 499 387 555 et
407 501 508 556 eontra
529 498 610 557 huno
631 497 801 558 Lobeokius
825 494 971 571 Aglaoph.
993 514 1024 571 p.
1043 497 1121 566 1573
1145 494 1242 554 fusius
1255 497 1299 554 de

237 601 461 661 Anaximandro
482 603 646 662 Muellerus
668 604 732 677 egit
752 604 856 676 fragm.
872 601 943 660 hist
966 620 1007 674 gr.
1022 602 1064 670 ΙΙ,
1086 621 1115 676 p.
1131 603 1183 671 67,
1205 621 1299 680 quem

236 707 315 767 ride.
350 708 446 768 Nobis
461 710 538 768 hano
560 708 766 787 quaestionem
785 707 1016 778 omittere'lieet,
1038 707 1178 785 quoniam
1200 707 1297 782 impe·

237 813 330 874 ditior
358 818 407 873 est
435 833 523 892 qnam
552 819 586 873 ut
615 814 686 873 inde
716 814 791 873 oerti
820 813 934 891 aliquid
960 832 1062 872 eruere
1084 813 1234 888 possimus
1254 812 1298 871 ad

235 926 368 980 nostram
390 940 452 979 rem
474 920 681 996 peragendam.

325 1026 551 1085 Transeundum
572 1025 632 1084 iam
654 1031 702 1084 est
721 1026 760 1083 ad
778 1025 915 1084 Platonis
936 1027 975 1085 de
991 1024 1187 1084 Stesimbroto
1208 1024 1295 1084 teeti·

236 1128 369 1190 monium
400 1127 500 1214 (Plato
522 1133 579 1190 Ion
599 1152 628 1208 p.
652 1126 741 1214 530).
777 1131 913 1190 Platonis
934 1131 1047 1201 losum,
1077 1150 1165 1209 quem
1186 1130 1236 1189 hie
1255 1131 1297 1188 ad

1404 167 1408 338 l

1406 457 1408 604 l

1405 829 1408 928 l

236 1241 337 1314 portes
357 1255 463 1297 rosere
486 1256 561 1314 opus
583 1242 637 1307 eet,
661 1236 830 1296 Boeokhius
852 1236 904 1319 (de
920 1237 1070 1296 simultate
1085 1256 1161 1316 quae
1175 1236 1297 1296 Platoni
1406 1245 1407 1248 ’

235 1345 267 1402 et
288 1343 482 1418 Xenophonti
505 1343 678 1404 interoessit
699 1362 729 1418 p.
754 1347 848 1403 20-
863 1345 915 1401 etr.
931 1343 1142 1402 Stallbuumiue
1165 1345 1203 1401 ad
1217 1339 1295 1401 Plat.

235 1448 255 1508 1.
276 1443 316 1530 o.)
338 1467 355 1507 e
376 1448 587 1524 Xenophontis
609 1448 768 1525 Symposio
788 1450 854 1518 111,
885 1452 904 1508 6
936 1444 1021 1532 (vide
1043 1442 1147 1530 supra)
1169 1466 1294 1524 expres·

236 1574 300 1613 snm
322 1574 389 1614 eese
412 1559 521 1616 oenset.
559 1555 634 1613 Utut
654 1558 717 1624 eet,
746 1555 882 1613 Platonis
904 1556 995 1613 verba
1016 1554 1049 1612 in
1070 1560 1170 1612 nostra
1191 1553 1295 1630 ‹lispu-

234 1660 348 1719 tatione
371 1660 548 1734 gravissima
572 1665 641 1719 eunt
662 1666 694 1719 et
716 1679 751 1718 eo
773 1659 869 1733 magis
884 1661 1026 1735 urgenda,
1048 1661 1128 1739 quod
1144 1659 1182 1718 iis
1197 1659 1293 1735 potis·

235 1765 342 1825 simum
357 1768 524 1824 Kreuserus
539 1766 623 1824 nisus
638 1766 676 1824 de
702 1765 897 1825 Stesimbroto
913 1766 1061 1826 diversam
1077 1771 1209 1825 anostra
1223 1785 1294 1841 pro·

234 1871 305 1932 tulit
327 1872 514 1932 sententiam.

322 1980 369 2037 Ne
392 1978 424 2036 in
446 1979 615 2038 adhibendo
635 1979 692 2036 hoo
714 1977 780 2036 loeo
802 1997 949 2048 ememus,
971 1980 1133 2037 tenendum
1161 1981 1208 2036 est
1229 1976 1295 2046 illo,
1406 2013 1407 2016 =

233 2058 289 2161 uni
317 2084 373 2141 Ion
403 2084 599 2154 inscribitur-s
618 2084 737 2156 dialogo
766 2083 968 2160 eomponendo
993 2084 1027 2141 i'd
1048 2084 1200 2143 Platonem
1223 2101 1293 2157 spe-

235 2192 341 2259 ctasse,
363 2194 398 2247 ut
419 2191 585 2265 rhapsodoe
599 2189 750 2249 derideret
768 2189 1057 2267 ineptissimossqui
1078 2190 1112 2248 in
1132 2186 1296 2248 recitandis
1406 2221 1407 2248 n

235 2293 424 2365 carminibus,
445 2315 623 2373 quamquam
646 2314 764 2353 omnem
785 2300 879 2354 artem
902 2296 1115 2375 scientiamque
1131 2294 1191 2354 sibi
1212 2312 1293 2352 arro·

235 2404 347 2472 gerent,
369 2405 470 2459 tamen
489 2406 521 2459 et
539 2417 638 2459 rerum
660 2401 833 2460 notionibus
856 2408 887 2461 et
909 2401 1017 2460 artium
1039 2401 1150 2477 peritia
1172 2400 1294 2459 omnino

235 2510 370 2564 sererent
389 2500 514 2588 (Fusias
536 2508 574 2564 de
597 2507 690 2565 totins
711 2506 824 2581 dialogi
841 2507 966 2567 oonsilio
981 2513 1013 2567 et
1033 2512 1206 2581 argumento
1228 2505 1293 2564 die·

236 2611 330 2670 seruit
351 2612 566 2672 Stallbaumius
596 2611 734 2686 Prolegg.
768 2615 806 2671 ad
827 2616 946 2685 Ionem,
966 2634 1054 2692 quem
1074 2613 1152 2685 vide,
1176 2613 1293 2690 praeei-

234 2734 293 2793 pne
315 2738 344 2793 p.
368 2722 431 2780 333
455 2737 497 2796 sq.
518 2751 564 2763 ——-
585 2718 663 2778 Plet
685 2738 734 2795 op.
754 2720 822 2778 vol,
837 2720 898 2791 IV,
921 2725 992 2779 seat
1012 2721 1061 2790 Il,
1083 2721 1132 2778 ed.
1149 2714 1205 2800 11).
1228 2720 1292 2777 Ita·
1406 2723 1407 2726 ’

235 2842 293 2902 qne
315 2823 467 2898 Socrates,
502 2824 555 2903 qui
577 2845 642 2884 enm
664 2825 737 2885 Ione
758 2825 924 2884 vanissimo
945 2827 1094 2902 rhapsodo
1120 2826 1296 2903 eolloquens

234 2928 401 3001 inducitur,
430 2932 543 2990 urbana
575 2951 642 2990 enm
664 2930 803 2990 irrisione
824 2931 941 2990 selieem
962 2932 1177 3008 rhapsodorum
1197 2932 1292 2989 fortu-
1406 2963 1407 2968 κ

232 3054 301 3094 nam
322 3037 581 3130 oonditionemque
602 3037 770 3113 praedicat,
798 3036 913 3115 qnippe
933 3037 987 3116 qui
1009 3045 1042 3097 et
1063 3055 1184 3114 empore
1205 3054 1291 3095 orna·

235 3137 354 3202 tissima
380 3145 510 3204 habeant
538 3143 749 3219 pulcherrimis
777 3143 964 3202 vestimentis
998 3149 1031 3203 et
1063 3163 1130 3202 enm
1160 3143 1192 3200 in
1220 3141 1292 3199 aliis
1406 3203 1407 3220 χ

234 3249 332 3325 poetis
355 3254 418 3307 turn
440 3249 473 3307 in
494 3250 625 3308 Homero
640 3250 792 3308 traotando
815 3249 965 3307 exoellant
978 3248 1091 3323 insigni
1112 3267 1172 3308 non
1194 3247 1291 3306 solnm

235 3355 365 3413 earmina
394 3374 496 3413 eorum
527 3353 674 3413 recitandi
704 3355 757 3413 sed
786 3354 878 3413 etiam
905 3360 1037 3414 mentem
1065 3355 1291 3431 sententiasque

233 3459 322 3537 plane
343 3461 531 3538 percipiendi
550 3460 673 3520 ratione.
710 3461 903 3538 Rhapsodnm
918 3460 999 3519 enim
1013 3460 1106 3520 etiam
1121 3459 1292 3534 intelligen-

232 3566 383 3625 tissimum
405 3571 510 3643 poetae
531 3567 726 3643 interpretem
741 3566 927 3626 auditoribus
942 3586 1008 3626 esse
1024 3574 1169 3644 oportere.
1191 3568 1292 3642 Atque
1406 3555 1407 3558 ¹

233 3672 290 3730 has
303 3671 386 3749 ipsas
402 3675 441 3732 ob
455 3692 558 3730 oausae
577 3674 742 3749 rhapsodos
762 3692 829 3732 ease
850 3672 1048 3732 admirandos.
1078 3672 1163 3737 Quae
1186 3674 1290 3731 Seors-
1406 3739 1407 3748 χ

233 3776 276 3838 tis
302 3778 395 3838 verba
423 3779 488 3838 sine
516 3779 607 3838 dubio
636 3779 764 3839 ironiam
788 3779 940 3850 redolent,
963 3778 1202 3858 qnandoquidem
1223 3795 1291 3836 eum

232 3903 354 3962 prorsus
376 3883 471 3956 aliter,
494 3886 584 3944 immo
607 3885 753 3945 eontrarie
776 3886 814 3945 de
832 3885 1018 3945 stultissimis
1040 3885 1198 3962 rhapsodis
1220 3903 1290 3943 sen·

232 3989 291 4050 tire
320 3994 423 4050 notum
453 3996 500 4050 est
528 3998 560 4053 et
579 3990 673 4051 totins
693 3990 807 4066 dialogi
834 3990 951 4051 indoles
972 3993 1067 4051 dooet
1104 3991 1216 4050 Verum
1236 3992 1292 4050 lon

233 4101 323 4174 atque
344 4115 446 4157 omnes
468 4097 619 4174 rhapsodi,
642 4116 718 4176 qnos
738 4096 806 4173 ipse
827 4096 940 4156 eximie
962 4103 1180 4174 repraesentat,
1202 4116 1292 4175 qnam
