2842 4559
759 188 779 246 2

236 378 314 420 none
335 359 428 420 multa
448 364 572 420 restent·
584 361 623 419 ad
645 380 711 421 eam
732 361 952 439 perficiendam.
984 362 1173 424 Sehildernm
1195 370 1295 426 auteur

235 448 299 507 rix'
311 447 529 525 respiciendum
552 468 667 521 censeo,
690 450 933 529 qnandoquidem
953 449 988 508 in
1009 451 1219 513 dissertatione
1242 473 1295 513 sna

236 537 293 607 „de
320 556 418 596 rerum
447 537 657 614 scriptoribus,
687 537 808 617 quibus
824 538 1001 598 Plutarchus
1027 539 1060 598 in
1086 531 1294 601 Themistoclis

235 625 299 684 rita
334 625 544 701 perscribenda
576 646 649 685 osus
681 632 744 696 est,
779 625 901 685 Vratisl.
934 621 1150 712 (Leobsehiita)
1183 631 1295 701 1850“,

236 717 443 791 praeterquam
465 715 545 793 quod
568 734 671 791 parum
694 720 830 774 accurate
849 714 886 774 vin
907 734 940 773 re
961 720 1062 774 nostra
1083 723 1218 776 versatus
1240 725 1293 788 eet,

236 802 275 861 ad
299 801 525 861 Stesimbrotum
548 803 668 881 quidem
691 805 772 882 quod
794 804 919 873 attinet,
941 822 971 879 p.
997 808 1037 864 12
1057 825 1100 883 sq.
1123 810 1184 864 tam
1206 807 1294 865 sume

236 890 400 949 Hermanni
418 889 616 969 Muellerique
631 891 760 964 vestigia
778 891 897 967 pressit,
912 898 947 950 ut
960 891 1039 951 nihil
1053 894 1091 952 dc
1107 914 1160 952 sno
1175 895 1296 969 iugenio

237 978 395 1037 addiderit.
440 978 523 1042 Quae
545 999 613 1040 cnm
634 978 678 1038 ita
699 980 777 1050 sint,
807 1000 867 1038 non
889 999 976 1057 spero
998 1000 1087 1055 opera
1109 990 1141 1041 et
1164 983 1225 1041 otio
1247 1003 1293 1041 me

236 1061 397 1125 abusumm
426 1067 537 1137 fuisse,
570 1067 611 1128 si'
627 1067 663 1125 id
689 1068 817 1142 egerim,
844 1072 885 1127 -ut
914 1067 1067 1140 omnibns,
1101 1089 1294 1150 quaecunque

235 1162 371 1224 exstant,
396 1155 433 1213 de
456 1156 652 1216 Stesirnbroto
674 1156 855 1215 testimoniis
878 1156 975 1214 denno
1001 1176 1115 1216 summa
1141 1179 1206 1217 cum
1226 1179 1295 1218 cura

237 1242 368 1302 collectis
390 1251 423 1302 et
446 1244 526 1303 inter
548 1264 580 1302 ee
603 1244 782 1320 comparatis
805 1263 893 1321 quam
914 1245 1046 1303 maxime
1066 1245 1099 1304 in
1122 1255 1223 1323 aperto
1246 1246 1295 1315 sit,

238 1331 306 1408 quie
327 1332 419 1391 fuerit
439 1332 492 1391 ille
507 1336 540 1391 et
562 1332 635 1411 quid
650 1333 764 1391 feeerit.
803 1331 899 1395 Quem
915 1332 1033 1409 quidem
1052 1354 1113 1393 rem
1136 1356 1172 1393 eo
1188 1336 1293 1394 lnben-

236 1419 298 1478 tius
321 1420 457 1495 suscepi,
480 1420 559 1498 qnod
581 1439 684 1491 nemo,
708 1430 851 1497 quantum
873 1419 948 1491 soio,
969 1439 1065 1499 usque
1087 1424 1125 1480 ad
1147 1425 1205 1482 hoe
1218 1430 1295 1482 teni·

236 1527 294 1584 pus
315 1508 461 1583 peculiari
480 1508 582 1567 libello
612 1509 649 1567 de
665 1499 867 1567 Stesimbroto
901 1509 1051 1568 disseruit
1095 1513 1200 1590 Neque
1222 1518 1295 1588 puto

236 1616 284 1654 me
306 1600 372 1675 aeta
392 1617 488 1670 agere.
524 1596 647 1656 Etenim
667 1597 784 1655 accedit
805 1597 897 1655 altera
919 1598 1097 1671 gravissima
1116 1619 1213 1669 causa,
1236 1620 1295 1678 qua

237 1685 276 1742 ad
297 1685 538 1743 conscribendam
559 1687 636 1760 hane
654 1686 928 1744 commentationem
949 1688 1144 1745 vehementer
1164 1708 1293 1746 commo·

236 1780 292 1832 tua·
307 1792 381 1831 eum.
425 1773 544 1850 Quippe
568 1793 672 1832 omnes
691 1775 771 1844 fere,
802 1773 854 1851 qni
884 1774 922 1831 de
946 1774 1141 1835 Stesimbroto
1162 1783 1295 1850 egerent,

236 1865 290 1919 aut
309 1880 432 1937 prorsus
454 1854 562 1920 selsam
584 1867 615 1920 et
634 1881 823 1938 perversam,
851 1861 947 1919 veluti
970 1863 1140 1921 Kreuserns·
1163 1864 1196 1921 in
1217 1864 1295 1921 libro

237 1949 290 2027 qni
303 1949 480 2025 finsoipius
508 1955 556 2008 est
580 1950 793 2019 „Homerische
821 1950 1003 2026 Rhapsoden
1032 1952 1103 2009 oder
1130 1952 1296 2010 Rederiker

236 2038 291 2098 der
312 2037 403 2097 Alton
425 2034 581 2120 (Coloniae
607 2034 742 2120 1833)“,
774 2044 827 2098 eut
855 2058 959 2113 parurn
982 2048 1092 2098 certam
1114 2045 1293 2099 aceerotam·

237 2141 294 2203 quo
317 2126 355 2184 da
385 2145 421 2184 ec
443 2127 630 2202 protulerunt
652 2126 831 2185 sententiam
852 2132 1022 2202 propterea,
1053 2129 1134 2205 quod
1161 2148 1222 2186 uon
1251 2146 1295 2196 ea,

237 2232 295 2291 qna
316 2233 373 2290 par
391 2219 469 2282 crat,
500 2233 569 2273 onra
596 2233 630 2272 ao
654 2214 813 2287 diligentia
835 2233 946 2272 omnes
967 2215 1049 2272 locos
1071 2223 1102 2273 et
1123 2215 1296 2275 testimonia

237 2302 457 2374 investiwnnt
478 2308 568 2380 atque
583 2302 800 2360 examinarunt.
838 2302 924 2361 Unde
938 2303 981 2373 fit,
1004 2309 1037 2361 ut
1051 2309 1152 2362 noster
1166 2303 1295 2379 plerum·

235 2408 294 2469 qne
324 2390 357 2447 in
386 2390 618 2449 humillimorum
647 2391 799 2449 hominum
829 2410 951 2449 numero
981 2392 1140 2461 habeatur,
1171 2410 1297 2470 quornm

234 2478 377 2537 memoria
398 2478 452 2536 vix
474 2479 619 2537 seruanda
641 2478 696 2549 sit,
724 2478 883 2554 praecipue
913 2482 1011 2537 autem
1033 2480 1143 2538 nnllam
1165 2480 1295 2539 auetori-

235 2571 328 2626 talem
349 2571 380 2625 et
399 2567 491 2625 fidem
511 2567 619 2626 mereri
632 2574 764 2643 putetur.
801 2570 844 2625 At
866 2587 936 2626 vero
956 2572 1058 2626 contro
1073 2568 1150 2638 illos,
1172 2568 1298 2627 etmihi

236 2653 358 2733 quidem
380 2655 508 2725 videtur,
531 2675 635 2731 parum
658 2655 754 2718 iustos
781 2654 897 2714 iudices
920 2655 996 2713 mihi
1018 2659 1168 2734 tamquam
1192 2657 1295 2714 defen·

236 2741 311 2802 sorie
334 2749 434 2819 partes
458 2744 662 2820 suscipiendas
683 2763 751 2802 esse
773 2743 914 2814 arbitror,
937 2763 1010 2820 quas
1032 2764 1084 2820 pro
1106 2744 1188 2804 virili
1211 2752 1297 2820 parte

236 2831 360 2907 explere
381 2833 517 2891 conabor.
549 2832 593 2890 Ut
608 2837 705 2890 autem
728 2839 807 2890 recte
829 2851 949 2890 munere
964 2852 1030 2889 meo
1045 2834 1161 2905 fungor,
1182 2851 1298 2891 summa

235 2920 395 2979 manifesto
423 2920 456 2978 in
478 2919 605 2993 siugulis
626 2919 701 2978 loeis
723 2920 946 2995 perscrutandis
972 2921 1071 2980 cautio
1098 2941 1173 2996 opus
1195 2926 1298 2980 estet

235 3007 366 3067 maxime
396 3008 518 3084 quidem
547 3009 580 3065 in
607 3008 771 3067 mactandis
796 3008 984 3067 Stesimbroti
1011 3008 1155 3086 reliquiis.
1199 3009 1299 3073 Quaere

237 3096 304 3156 eins
324 3097 506 3170 fragmenta,
530 3095 665 3173 quamvis
685 3096 848 3169 diligenter
869 3116 886 3154 a
907 3097 1051 3155 Muellere
1074 3103 1232 3172 congesta,
1266 3097 1301 3155 in

237 3184 411 3263 quaestione
434 3189 534 3242 nostra
556 3184 674 3242 omnino
696 3203 758 3241 non
784 3184 894 3243 debent
919 3185 1032 3259 negligi
1053 3205 1151 3263 neque
1172 3186 1302 3258 indigna

238 3277 307 3331 eunt
326 3291 402 3350 qnae
425 3273 523 3331 denuo
552 3291 742 3347 percenseam
772 3277 803 3329 et
829 3272 994 3342 illustrem,
1027 3293 1092 3331 oum
1122 3273 1302 3350 pracsertim

237 3360 289 3420 ille
311 3360 453 3419 nonnulla
474 3360 658 3430 adiiciendo,
688 3361 864 3436 exponenda
884 3361 977 3420 inulta
1000 3362 1163 3440 reliquerit

326 3450 432 3527 Itaque
452 3469 517 3507 rem
538 3467 636 3507 meam
656 3448 700 3507 ita
722 3467 810 3521 agere
830 3448 958 3518 institui,
980 3455 1016 3507 ut
1032 3450 1162 3526 primum
1176 3450 1214 3508 de
1236 3449 1303 3508 nita

240 3536 446 3607 Stesimbroti,
474 3537 583 3595 deinde
613 3538 651 3597 de
681 3535 865 3611 singulorum
893 3537 962 3595 eius
991 3557 1113 3613 operum
1141 3545 1248 3596 natura
1267 3543 1305 3597 et

238 3624 340 3684 indole
363 3625 563 3700 disputarem,
585 3626 640 3685 huo
654 3624 907 3701 inrepraeoipue
929 3627 1159 3699 fragmentorum
1180 3626 1305 3685 ratione

238 3713 360 3783 habita,
392 3732 468 3790 quae
498 3713 617 3796 quidem
648 3714 681 3772 in
710 3721 823 3773 oenum
853 3714 987 3773 ordinem
1017 3715 1136 3773 redacto
1166 3713 1199 3772 in
1220 3715 1305 3774 ealce

238 3800 334 3860 libelli
356 3802 512 3860 addentur.
