2842 4559
751 220 771 279 d

229 400 400 475 metamque
422 395 461 454 de
478 394 673 455 Stesimbroto
692 395 847 454 ferendam
869 393 1048 453 sententiam
1062 412 1159 472 neque
1179 393 1218 453 ab
1231 394 1291 452 hoe

229 502 294 561 loeo
317 503 456 560 abhorret
477 500 652 578 exquirere,
675 520 733 577 qao
755 506 888 577 tempore
909 499 1138 559 Stesimbrotum
1152 500 1290 558 Athenas

229 608 349 668 venisse
367 606 432 667 reri
453 606 554 667 simile
576 607 626 667 sit
662 609 798 684 Namque
811 606 908 666 hoe
883 627 911 666 ιι
926 606 1137 675 definierimus,
1152 624 1196 674 ea,
1211 623 1289 682 quse

230 713 310 773 inira
331 714 369 772 da
395 712 476 772 vitae
491 713 556 772 eius
571 712 671 772 indole
686 717 879 790 exponentur,
900 712 996 786 magis
1018 710 1140 771 etiam
1131 729 1165 770 ιι
1186 715 1289 787 aperto

230 823 327 879 erunt
360 818 492 878 Athenis
514 818 594 877 enim
616 837 686 878 eum
707 818 836 897 aliquam
854 818 935 878 ritae
956 822 1073 895 partem
1089 815 1233 892 degisse
1223 835 1289 875 mre

230 931 374 1002 utsupra
396 928 427 983 et
448 924 498 984 hie
520 930 586 984 een
574 925 696 984 endere
719 924 794 984 mihi
808 924 921 984 videor.
958 924 1038 983 Illud
1054 923 1141 983 enim
1160 941 1228 980 eum
1248 941 1289 981 ax

231 1032 271 1091 iis
299 1029 466 1102 Plutarchi,
497 1030 661 1101 Athenaei,
691 1029 820 1101 Suidae,
851 1028 1062 1106 Xenophontis
1092 1032 1125 1088 et
1152 1026 1289 1087 Platonis

229 1136 304 1197 loeis
325 1137 432 1214 liquet,
455 1155 530 1215 quos
552 1142 641 1196 antea
660 1136 767 1195 attuli.
794 1142 859 1195 tum
885 1155 925 1195 ex
946 1135 987 1194 iis
1006 1135 1099 1193 multo
1127 1133 1289 1193 diluoidins

229 1243 368 1322 liquebit,
389 1261 465 1319 quae
488 1243 614 1317 posthae
635 1242 673 1300 de
692 1241 884 1301 Stesimbroti
913 1241 994 1301 ritae
1016 1239 1186 1299 conditione
1207 1239 1288 1298 eius·

231 1369 288 1426 qne
312 1348 430 1425 seriptis
460 1348 587 1407 dicenda
612 1353 707 1407 eruut
745 1346 871 1409 Quando
900 1351 999 1405 autem
1028 1353 1128 1406 noster
1154 1346 1288 1405 Athenas

194 1491 200 1498 -
231 1476 264 1514 ιι
285 1453 460 1524 contulerit,
486 1453 567 1511 haud
594 1452 684 1512 troile
714 1454 753 1511 ad
780 1451 927 1536 liquidum
949 1454 1102 1529 perduces.
1148 1453 1208 1511 Sed
1228 1470 1289 1510 non

229 1579 351 1637 prorsus
372 1579 391 1618 a
411 1577 481 1618 vero
503 1559 638 1618 aberrare
659 1559 804 1628 videmur,
827 1560 855 1618 si
877 1578 912 1618 eo
935 1560 998 1618 fere
1013 1565 1146 1634 tempore
1163 1556 1287 1616 Stesim·

154 1698 156 1704 ι
230 1664 385 1725 brotum
375 1685 429 1724 ιιι
433 1664 522 1723 illum
549 1665 650 1722 urbem
680 1664 825 1738 migrasse
854 1664 1054 1741 suspieamnr,
1084 1684 1143 1743 qno
1173 1664 1288 1724 Thasus

230 1771 327 1832 insula
337 1770 549 1846 percimonem
559 1769 829 1829 indtheniensium
845 1775 1021 1845 potestatem
1036 1770 1155 1829 redacta
1166 1769 1288 1828 estha.

231 1876 278 1938 01.
301 1881 358 1947 79,
383 1872 490 1959 2(et'r
512 1876 632 1935 Olinton
653 1877 722 1935 fast
743 1875 824 1934 Hell
845 1895 875 1952 p
901 1871 988 1958 244).
1025 1877 1112 1935 Certe
1134 1895 1195 1934 non
1217 1881 1287 1934 ante

229 1985 287 2042 hoe
306 1988 425 2059 tempus
447 1986 569 2058 proptor
589 1982 668 2040 bella
690 1981 770 2041 inter
792 1982 921 2041 Graecos
951 1987 982 2041 et
1002 1983 1110 2040 Persas
1130 1988 1216 2056 gestu
1236 1981 1287 2040 ille

230 2088 359 2166 patriam
380 2107 465 2146 suam
485 2087 651 2165 relinquere
675 2088 806 2147 animum
836 2087 999 2147 induxerit
1037 2088 1147 2145 Verum
1174 2086 1288 2164 quina

231 2194 384 2264 (limone,
374 2194 486 2267 insigni
476 2192 606 2253 nrtium
615 2193 841 2272 litterarumque
855 2195 969 2252 fautore
980 2187 1046 2276 (etr.
1062 2193 1182 2252 Curtius
1196 2193 1287 2257 HG.

230 2301 279 2371 11,
301 2319 331 2376 p
350 2302 412 2360 124
435 2293 504 2382 sq),
525 2305 676 2375 permotus
699 2299 749 2371 sit,
769 2307 803 2359 ut
818 2300 953 2358 Athenas
983 2320 1016 2358 sa
1045 2300 1210 2368 conferret,
1232 2298 1289 2358 vix

231 2406 361 2466 dubitari
389 2405 518 2482 peterit,
547 2405 635 2463 modo
663 2404 847 2475 consideres,
876 2425 953 2483 quae
982 2405 1121 2464 intrude
1146 2403 1290 2464 familiari

230 2530 331 2571 eorum
353 2515 484 2569 neeessrt
461 2509 576 2569 'tudine
598 2517 794 2587 exponentur
827 2513 933 2589 Itaque
955 2516 986 2570 et
1001 2510 1227 2570 Stesimhrotnm
1249 2516 1289 2580 et,

230 2623 265 2675 ut
286 2615 464 2690 egregieO
485 2616 649 2676 Muellerus
670 2618 775 2677 statuit
796 2612 902 2701 (goett.
925 2616 982 2690 gel.
1003 2635 1069 2676 ιιι.
1094 2619 1196 2686 1824,
1217 2618 1289 2676 Nro

233 2716 327 2804 115),
363 2707 587 2780 celeberrimum
620 2722 705 2782 illurn
738 2723 882 2800 pictorem
915 2722 1114 2799 Polygnotum
1145 2721 1289 2781 'lhaeium

230 2828 337 2887 Cimon
357 2847 457 2886 seeum
478 2828 511 2886 in
525 2828 652 2906 patriam
673 2829 797 2889 duxisse
813 2829 962 2906 putandus
985 2833 1038 2886 ιι1
1076 2827 1203 2891 Quod
1178 2848 1205 2886 ιι
1219 2847 1288 2904 pro·

229 2934 331 2994 babile
353 2937 408 3004 est,
430 2934 528 2993 Thaso
551 2935 651 2995 insula
672 2940 854 3012 expugnata,
875 2935 953 2993 eirea
975 2934 1022 2994 Ol
1038 2937 1290 3005 ruinosum

229 3040 365 3098 Athenas
387 3039 506 3099 venisse
528 3040 592 3099 iure
623 3041 699 3100 milri
722 3042 827 3101 videor
848 3040 1003 3101 eoniioere.

318 3146 481 3223 Postquam
503 3145 596 3219 igitur
617 3148 655 3205 de
677 3147 774 3223 patria
795 3154 886 3224 atque
904 3152 1004 3206 aetate
1021 3144 1211 3205 Stesimbroti
1224 3143 1288 3218 egi·

230 3271 310 3321 mus,
339 3251 402 3310 iam
427 3251 515 3309 nabis
542 3251 770 3329 disquirendum
791 3257 853 3322 est,
883 3252 981 3330 quadis
1008 3251 1100 3311 fuerit
1119 3251 1186 3310 eius
1207 3250 1289 3311 vitae

231 3356 361 3415 eonditio
393 3356 550 3435 qualiaque
579 3356 697 3417 indoles
726 3358 795 3417 et
785 3358 954 3432 ingenium,
987 3363 1133 3434 quatenus
1169 3356 1290 3434 quidem

230 3464 304 3520 haee
333 3460 413 3520 inter
441 3481 474 3519 se
503 3464 669 3523 cohaerent
718 3462 866 3527 Quoniam
893 3483 964 3523 vero
994 3464 1071 3521 hene
1099 3462 1289 3539 potissimum

231 3567 472 3645 quaestionem”
450 3587 483 3637 ιι,
506 3587 558 3644 qur
548 3568 610 3628 de
629 3574 732 3629 nostm
746 3577 879 3643 egerunt,
901 3587 1006 3644 parum
1021 3567 1183 3643 diligenter
1197 3573 1289 3627 reete·

231 3691 289 3751 que
312 3672 516 3743 instituerunt,
537 3693 598 3732 non
617 3693 737 3745 vereor,
766 3694 804 3733 ne
826 3674 858 3733 in
879 3674 1089 3750 pemenseudis
1111 3673 1239 3749 singulis
1260 3677 1290 3732 et

230 3778 271 3838 iis
293 3778 414 3858 quidem
435 3780 593 3857 perpaueis
612 3780 796 3842 testimoniis
816 3780 905 3854 longe
920 3800 955 3839 ae
975 3780 1066 3839 nimis
1080 3779 1290 3857 oireumspeete

228 3884 344 3944 versari
364 3886 475 3945 videar.
506 3886 701 3962 Quapropter,
723 3890 834 3946 utrem
848 3887 886 3945 ud
909 3891 1021 3945 eertum
1043 3887 1133 3945 finem
1147 3886 1289 3963 perduea

228 4010 305 4062 mus,
325 3992 414 4050 nobis
436 3991 523 4070 quusi
543 3991 766 4069 pedetentim
756 4012 790 4051 ιι
817 3990 1072 4067 argumentatione
1098 3999 1200 4052 nostru
1220 4009 1289 4068 pru·

230 4096 425 4172 grediendum
446 4102 502 4156 est.
