2842 4559
587 136 590 139 ἢ
641 270 696 278 „-.
726 185 770 243 32

216 358 380 420 consentio.
414 330 567 450 ⁸'lectibus
592 358 673 420 enim
693 360 847 420 Demetrio
868 359 1012 420 Phalereo
1041 365 1073 420 et
1093 359 1284 436 Apollodore-

215 460 317 548 (Diog.
339 465 439 524 Laert
459 465 503 536 11,
518 468 549 536 3,
568 465 602 541 3)
624 467 820 539 Annxegoras
842 466 970 525 Athenis
992 466 1097 525 docere
1114 467 1213 543 coepit
1229 467 1283 526 Oh

217 571 267 641 75,
293 574 321 630 1.
366 569 474 650 Iteque
494 590 571 648 puer
590 576 625 630 ut
647 571 865 631 Themistocles
887 591 953 630 cuns
974 575 1155 646 Anaxagora
1174 591 1283 632 verse·-

213 684 296 735 retnr
315 676 381 736 fieri
399 695 461 736 non
480 676 597 754 potuit;
625 696 723 755 neque
745 676 809 736 veri
831 676 930 736 simile
952 682 1033 736 esset
1053 678 1217 742 seeundum
1239 697 1279 738 ea

214 801 289 860 quoe
311 784 349 842 de
371 782 583 842 Themistoclis
602 783 732 859 pueritie
753 790 825 841 note
848 789 924 841 sunt
968 786 1010 843 At
1038 802 1090 842 cur
1115 801 1176 841 non
1203 783 1280 844 inde

214 890 251 948 ab
274 889 322 948 01.
346 891 397 959 75,
424 892 451 960 1,
473 907 513 947 ex
536 908 593 967 quo
609 893 802 962 Annxngoras
818 888 946 948 Athenis
968 888 1079 959 docuit,
1100 890 1178 947 hune
1193 891 1277 948 The-

212 992 365 1054 mistocles
387 992 532 1054 audierit?
576 993 655 1054 Mihi
677 994 800 1073 quidem
819 994 1008 1054 Stesimbroti
1028 989 1232 1055 testimonium
1254 1014 1280 1053 a

211 1098 339 1159 veritate
362 1100 482 1159 omnino
505 1119 566 1160 non
586 1099 707 1160 videtur
728 1101 889 1160 resedere..
906 1102 1042 1177 b'smque
1056 1101 1215 1161 admodum
1225 1105 1279 1168 est

212 1206 364 1277 credibile,
386 1225 425 1266 ne
448 1206 545 1265 dicem
565 1207 628 1265 fere
651 1209 773 1278 certum,
796 1206 1035 1278 Themistoclem,
1055 1226 1121 1265 cum
1145 1206 1273 1266 Salumi-

211 1311 263 1369 nis
283 1311 409 1371 victoris
430 1332 576 1371 summam
598 1317 703 1372 nactus
729 1316 811 1372 esset
833 1312 966 1387 gloriam,
989 1312 1016 1371 ei
1038 1331 1099 1371 non
1120 1312 1274 1372 doetrinae

211 1424 244 1475 et
265 1435 365 1476 merso
388 1417 596 1477 ostentationis
618 1437 707 1477 eausa
728 1424 761 1476 et
782 1419 821 1479 sd
842 1418 954 1477 civium
975 1419 1107 1480 levorem
1136 1418 1196 1477 sibi
1217 1438 1271 1477 au·

211 1523 341 1597 gendum
362 1523 452 1583 etism
474 1523 514 1582 iis
536 1523 661 1594 studiis,
688 1543 764 1602 ques
793 1530 857 1583 tum
883 1526 965 1600 spnd
987 1542 1089 1583 omnes
1109 1522 1276 1599 plurimum·

211 1628 311 1689 valere
334 1633 557 1706 cooperantes
579 1630 700 1689 dedisse
723 1634 756 1689 et
773 1634 971 1704 Anaxagorae
994 1648 1088 1689 novae
1110 1633 1143 1688 et
1162 1629 1272 1688 insoli-

210 1739 260 1795 tae
282 1734 515 1812 philosophandi
535 1735 646 1795 rstioni
666 1740 782 1794 unium
804 1735 925 1814 quidem
947 1755 1054 1811 operae
1082 1754 1207 1794 navasse
1236 1740 1276 1794 ut

210 1860 278 1900 enin
300 1841 418 1901 audiret
432 1842 596 1912 docentem,
618 1840 651 1900 id
673 1842 754 1920 qnod
776 1861 878 1900 omnes
892 1841 1052 1921 nobiliores
1068 1840 1274 1901 Athenienses

209 1947 370 2008 faciehant
404 1949 454 2007 Its
468 1947 691 2018 Themistocles,
715 1947 969 2026 qualibuscunque
983 1947 1082 2007 musis
1097 1952 1273 2034 commotus,

209 2053 280 2112 inde
303 2055 340 2113 nb
363 2053 410 2113 01.
435 2055 486 2125 75,
512 2057 528 2113 l
552 2073 647 2132 usque
669 2054 708 2112 ad
727 2053 773 2113 Ol
790 2056 842 2125 76,
863 2056 884 2113 4
906 2050 978 2138 (hoe
999 2053 1079 2112 onim
1101 2073 1270 2113 annosum

208 2159 306 2235 petria
332 2160 493 2236 expulsum
522 2180 589 2219 osse
613 2159 678 2219 veri
700 2160 884 2220 simillimum
905 2154 1042 2244 videtur)
1060 2154 1269 2237 Ἀναξαγόρου

208 2262 369 2327 διακοῦσαι
392 2266 501 2341 potnit.
544 2267 649 2343 Neque
669 2265 789 2325 Melissi
808 2272 892 2326 aetas
913 2285 932 2324 a
953 2263 1142 2325 Stesimbroti
1158 2282 1268 2322 «narra-

206 2369 290 2428 tione
313 2371 459 2430 abhorret
505 2370 703 2446 Apollodorus
727 2372 848 2449 quidem
870 2368 971 2454 (Diog.
986 2371 1085 2429 Lucri.
1099 2370 1159 2438 IX,
1182 2371 1213 2439 4,
1231 2362 1269 2450 4)

206 2480 333 2535 testetur
358 2476 454 2536 illum*
474 2476 612 2538 floruisse
634 2477 679 2537 01.
703 2480 755 2537 84.
799 2478 859 2536 Sed
884 2482 920 2536 ut
941 2474 1267 2552 Muellerusprobnbi·

205 2580 277 2639 liter
290 2581 438 2657 opinetur,
460 2583 536 2641 hano
555 2583 742 2661 potissimum
764 2583 866 2660 posuit
887 2582 1106 2659 Olympiadem,
1127 2581 1210 2661 quod
1230 2599 1273 2640 ee·

205 2687 285 2746 vitae
307 2687 426 2748 Melissi
448 2690 575 2766 epocha,
596 2709 656 2768 qua
678 2691 800 2748 Samum
822 2694 923 2748 oontm
944 2688 1091 2747 Periclem
1109 2678 1271 2756 defendit,-

206 2792 338 2853 omninm
366 2798 432 2853 erat
460 2795 624 2855 notissima
670 2794 785 2859 Quodsi
805 2800 905 2854 sutem
926 2798 992 2853 tum
1012 2799 1183 2870 proveetum
1204 2792 1267 2852 iem

204 2906 301 2960 setste
321 2919 391 2960 eoru
411 2901 507 2961 fuisse
529 2902 687 2961 statuimus
709 2900 912 2978 (septuaginta
933 2919 1026 2959 annos
1040 2899 1155 2959 vixisse
1171 2898 1264 2958 tradi·

204 3012 252 3065 tur
274 3014 305 3066 ct
333 3011 411 3066 teste
430 3008 565 3081 Diogene
587 3008 706 3067 Lscrtio
728 3003 800 3091 (lx,
819 3010 849 3078 4,
868 3000 901 3090 1)
924 3005 956 3064 in
976 3004 1159 3083 colloquium
1179 3003 1266 3064 venit

204 3133 271 3172 oum
300 3112 472 3183 Heraclito,
500 3111 553 3190 qai
582 3113 661 3172 eires
681 3114 729 3173 01.
752 3116 794 3174 69
817 3113 915 3172 clerus
935 3112 1058 3172 habitus
1086 3120 1134 3171 eet
1163 3110 1265 3187 (Dios.

204 3220 302 3279 Lsert
318 3220 374 3289 IX,
400 3223 427 3287 1,
453 3219 484 3296 1)
506 3251 551 3262 -
573 3219 734 3277 Muellerus
757 3219 847 3278 dicit:
872 3217 1070 3296 quadraginta
1091 3236 1185 3275 ennos
1206 3236 1259 3274 oe·

203 3319 374 3403 pressisse
389 3323 552 3402 Melissus),
574 3325 685 3401 optime
708 3326 814 3383 eodem
834 3326 895 3384 iam
909 3344 975 3384 cum
991 3329 1172 3397 Anaxagora
1185 3327 1261 3381 tem-

202 3445 275 3505 pore
298 3430 426 3488 Athenis
447 3429 564 3489 scholas
585 3429 728 3489 habuisse
750 3436 781 3489 et
801 3430 1000 3490 Themistocle
1027 3425 1125 3508 risque
1154 3429 1192 3487 ed
1214 3427 1267 3486 01,

157 3585 159 3590 .
204 3537 255 3606 76,
277 3538 299 3594 4
321 3535 456 3594 auditore
483 3555 557 3595 usus
586 3555 653 3595 esse
675 3536 792 3595 censeri
811 3545 922 3614 potest
968 3535 1112 3599 Quocirca
1136 3534 1267 3594 sienim--

201 3642 287 3700 bruto
309 3642 428 3700 eredere
446 3641 528 3700 nulla
542 3662 575 3701 re
588 3649 733 3704 vetemur.
757 3644 865 3703 Contm
880 3644 1054 3720 neutiquam
1069 3644 1126 3702 heo
1141 3642 1261 3720 quidem

201 3747 235 3805 in
256 3746 399 3805 tetidem
423 3746 617 3808 Stesinsbroto
640 3749 864 3826 denegaverint,
895 3750 1008 3829 quippe
1031 3769 1128 3826 quem,
1155 3751 1262 3824 utpote

201 3852 410 3912 Themistoclis
430 3853 493 3912 fere
515 3854 685 3930 sequetem,
707 3856 856 3915 eiusmodi
877 3875 940 3915 rem
961 3857 1061 3915 fietsm
1089 3861 1121 3914 et
1145 3875 1165 3915 s
1188 3873 1261 3915 vero

201 3970 320 4035 pressus
334 3958 463 4019 alienam
478 3959 714 4019 Atheniensibus
728 3962 791 4021 suis
806 3968 837 4023 et
847 3962 1059 4023 Themistoclis
1072 3964 1136 4021 iere
1150 3979 1260 4040 aequa·

199 4064 279 4124 litus
299 4083 435 4126 nmmo
456 4065 539 4126 nullo
560 4067 747 4126 modo-mihi
768 4068 881 4145 possim
898 4072 1092 4145 persusdere.
1131 4072 1173 4128 st
1188 4085 1261 4129 vere

1392 373 1408 671 l
