2842 4559
1 426 4 439 '
116 438 145 494 p.
171 421 242 476 roo.
265 435 331 476 curn
354 415 510 490 Theagene
532 415 816 490 Rhegino‘eundem
842 417 960 477 obtinet
987 418 1098 492 loeum;
1124 421 1184 481 ille·

115 542 188 594 vero
218 521 408 597 allegoricum
428 520 553 598 Homeri
577 522 740 580 carminum
770 519 1003 600 explicationem
1027 524 1179 587 inchoavit

116 629 278 688 seeundum
307 626 404 686 Sohol.
432 627 507 685 Van.
529 627 568 685 ed
590 627 629 685 11.
650 649 678 686 c.
702 630 747 688 67-
768 630 832 706 (cfr.
853 627 977 688 Nitzsch
998 630 1068 690 hist.
1090 632 1178 693 Hom.

116 734 143 805 Ι,
168 739 245 806 131;
272 734 314 805 Π,
337 733 401 810 85).
453 734 598 792 Attamen
623 731 750 792 minime
778 738 973 810 Anaxagorae
1002 736 1180 814 disciplinae

116 838 344 899 Stesimbrotum
366 837 542 923 addixerim,
563 839 811 917 quemadmodum
833 841 999 900 Lobeekius
1022 843 1089 917 Agl.
1111 844 1131 903 l.
1153 866 1178 904 e.

114 946 250 1024 huncque
272 947 391 1004 secutus
412 943 582 1003 Nitzsohins
604 926 663 1003 Lo.
679 944 722 1015 11,
742 965 771 1022 p.
790 952 831 1005 86
850 947 966 1006 volunt.
999 949 1082 1008 Talis
1097 949 1177 1009 enim
1302 1000 1306 1008 ,

116 1050 216 1128 opinio
239 1051 320 1108 omni
341 1055 423 1109 caret
443 1052 623 1124 argumento.
667 1052 744 1109 Nam
768 1052 886 1112 etiamsi
910 1057 1101 1128 Anaxagoras
1124 1057 1176 1115 do·

115 1157 229 1216 atriuse
243 1175 315 1215 snae
328 1155 512 1234 rationisque
521 1161 524 1166 ’
534 1156 572 1214 ad
594 1155 813 1233 philosophiam
829 1160 993 1235 spectantia
1005 1156 1115 1219 multos
1129 1162 1176 1221 in·

114 1262 203 1323 venit
223 1261 372 1320 auditores
395 1265 484 1340 atqua
504 1264 673 1333 sectatores,
693 1266 793 1322 tamen
815 1283 887 1322 num
908 1284 1009 1325 omnes
1025 1271 1176 1346 tamquam

113 1369 147 1427 in
169 1370 261 1428 verba
282 1366 418 1441 magistri
438 1367 605 1426 iuraverint
625 1368 732 1427 merito
755 1369 912 1444 ambigas.¹
939 1372 1034 1431 Immo
1058 1373 1091 1432 in
1120 1374 1176 1433 hoo

113 1474 180 1551 ipso
202 1474 301 1533 studio
323 1474 440 1533 fabulas
462 1472 634 1532 Homericae
647 1473 816 1548 ⁴allegorica
836 1474 1084 1553 interpretatione
1105 1499 1175 1556 pnr-

113 1581 204 1655 gandi
229 1585 263 1639 et
288 1579 451 1640 excusandi
479 1597 539 1638 non
565 1599 657 1638 uuam
678 1599 779 1639 omnes
801 1581 883 1640 viam
905 1602 938 1641 ac
959 1585 1105 1645 rationem
1118 1581 1174 1645 in·

113 1705 229 1761 grossos
252 1703 316 1745 esse
339 1690 568 1746 consentaneum
591 1689 645 1755 eet,
667 1685 782 1746 seilicet
803 1691 837 1746 ut
858 1687 993 1747 novitate
1011 1691 1182 1749 sententia·

112 1813 179 1852 rum
202 1793 327 1852 aliorum
349 1791 463 1851 animos
484 1791 640 1851 allicerent
660 1796 751 1871 atque
769 1792 955 1867 ingeniorum
977 1813 1095 1870 suornm
1113 1796 1181 1853 r'er··

113 1897 256 1958 tilitatem
271 1901 462 1956 ostentarent.
488 1898 538 1955 Ita
552 1897 781 1958 Stesimbrotnm
797 1918 913 1978 quoqne
927 1901 965 1958 ad
980 1902 1175 1975 Anaxagorae

112 2003 283 2079 exemplum
306 2021 339 2061 se
359 2004 557 2079 composuisse
579 2003 701 2082 eiusque
722 2005 861 2080 vestigiis
882 2005 1032 2064 institisse
1046 2025 1173 2081 negave-

110 2110 180 2169 rim.
223 2108 347 2168 Accedit
368 2108 446 2186 quod
471 2108 518 2167 ira
538 2110 667 2188 quadam
689 2115 780 2189 atque
804 2110 962 2170 inimicitia
990 2116 1092 2170 noster
1120 2113 1173 2171 ad·

109 2233 216 2276 rmus
231 2213 376 2273 Periclem
393 2214 542 2294 simulque
556 2219 765 2291 Anaxagoram
786 2217 908 2276 affectas
930 2217 1024 2276 fuisse
1044 2218 1172 2290 videtur,

109 2326 147 2379 ut
166 2320 246 2380 inira
266 2320 404 2400 liquebit.
447 2323 552 2399 Neque
571 2322 750 2395 reminds,
778 2324 858 2401 quod
879 2324 1066 2383 Metrodorus
1094 2329 1173 2385 teste

108 2426 244 2501 Diogene
265 2427 385 2486 Laertio
408 2427 458 2499 Π,
482 2433 510 2498 3,
534 2427 719 2487 'liamiliari
741 2431 936 2504 Anaxagorae
961 2430 1173 2489 consuetudine

108 2552 182 2592 usus
203 2532 324 2612 eiusque
346 2532 509 2592 doctrinam
530 2537 647 2591 secutus
669 2538 732 2605 est,
761 2535 860 2593 simile
889 2535 962 2614 quid
988 2535 1026 2593 de
1048 2535 1171 2595 Stesim·

108 2641 197 2698 broto
219 2639 410 2699 statuendum
432 2643 488 2711 est,
510 2657 688 2718 quamquam
709 2641 764 2698 hos
785 2641 851 2717 pari
873 2639 936 2699 loeo
961 2642 1065 2701 haberi
1092 2640 1186 2701 vidi?

107 2763 185 2807 mus.
230 2745 401 2804 Communis
427 2763 499 2803 sane
521 2745 690 2805 Metrodoro
720 2750 752 2805 et
773 2746 968 2805 Stesirnbroto
998 2747 1174 2823 allegoricae

108 2853 176 2910 erat
196 2850 453 2928 interpretationis
475 2851 567 2922 ratio,
595 2851 648 2910 sed
677 2852 710 2911 in
740 2853 796 2910 hoo
817 2856 976 2931 utrumque
997 2856 1049 2911 aut
1070 2863 1178 2912 omnes*

106 2933 297 3030 Allegoretas
328 2957 451 3015 eandem
480 2955 561 3016 uiam
590 2956 696 3016 iniisse
725 2957 793 3036 quis
823 2963 884 3016 tam
912 2956 1032 3033 ineptus
1060 2963 1107 3017 est
1135 2965 1170 3017 nt

106 3060 287 3122 contendat?
332 3061 461 3121 Omnino
481 3062 515 3121 in
536 3063 622 3122 nulla
643 3064 681 3122 de
702 3064 758 3121 hac
779 3082 812 3122 re
838 3079 1023 3132 versaremur
1052 3063 1170 3122 dubita·

106 3168 205 3240 tione,
233 3168 259 3226 si
287 3167 353 3227 ulls
382 3167 478 3226 adhue
507 3173 662 3228 exstarent
683 3167 843 3242 allegorica
863 3167 1054 3227 Stesimbroti
1076 3167 1178 3227 inter-¹

104 3253 304 3350 pretsmenta
347 3273 493 3338 Quoniam
515 3278 614 3333 autem
636 3276 742 3333 horum
762 3274 873 3334 notitia
895 3275 968 3333 adeo
990 3294 1044 3333 nos
1063 3274 1172 3334 defiaits

103 3384 144 3438 ut
163 3397 203 3436 ne
223 3379 257 3436 id
283 3378 403 3457 quidem
433 3379 508 3439 satis
530 3380 641 3440 clarum
663 3381 705 3439 sit
726 3386 758 3439 et
779 3381 979 3457 exploratum,
1007 3385 1107 3439 utrum
1135 3381 1168 3439 in

104 3483 284 3560 explicando
300 3485 428 3544 Homero
442 3486 582 3563 physicae
602 3503 675 3563 prae
694 3487 801 3546 ceteris
823 3503 862 3545 an
883 3486 997 3545 ethicae
1019 3487 1083 3546 sive
1105 3506 1168 3546 mo·

102 3590 164 3649 reli
179 3588 332 3648 doetrinae
346 3590 456 3650 faverit
470 3610 509 3649 an
530 3597 687 3671 utramque
707 3592 789 3652 iuter
810 3613 842 3651 se
863 3592 1025 3665 misouerit,
1045 3593 1168 3651 missam

103 3696 249 3755 faciamus
270 3696 347 3755 hauc
367 3715 431 3755 rem
453 3697 492 3755 da
513 3715 572 3774 qus
591 3697 645 3757 vix
667 3697 803 3757 divinare
823 3698 896 3758 oerti
918 3699 1033 3779 aliquid
1055 3699 1134 3759 lieet

170 3802 275 3881 Neque
297 3806 397 3861 tamen
418 3801 452 3861 in
473 3822 555 3861 mera
576 3802 735 3877 allegorica
755 3803 978 3864 Homericorum
1006 3806 1168 3865 carminum

101 3906 351 3985 interpretatione
373 3908 586 3968 Stesimbrotus
608 3907 767 3988 nequierit
815 3911 893 3968 Nam
920 3929 980 3969 non
1010 3911 1104 3969 solum
1133 3909 1167 3968 in

101 4012 174 4072 aliis
197 4031 298 4073 eorum
320 4014 403 4085 loeis,
421 4014 454 4072 in
477 4014 585 4092 quihus
603 4014 705 4073 nullus
726 4014 807 4074 inest
828 4015 1002 4091 allegoricus
1018 4034 1120 4074 sensus
1136 4019 1167 4073 et

100 4119 161 4192 vis,
184 4119 370 4197 explicandis
385 4123 522 4179 versatus
536 4124 591 4193 est,
607 4127 674 4180 ute
689 4121 865 4198 fragmentis
880 4121 954 4199 (vid.
969 4122 1012 4194 ΙΙ,
1026 4120 1086 4193 ΙΠ,
1100 4120 1168 4197 IV.)

957 4228 976 4286 2
