2842 4559
673 203 693 261 b

237 375 378 438 Dubitari
393 376 486 452 igitur
498 377 604 455 nequit
618 377 691 455 quin
703 377 918 437 Stesimbrotis
930 376 1063 435 Cimonis
1073 376 1211 436 Peridis·

151 502 208 561 qne
231 489 329 543 eunte
350 483 473 554 rixerit3
497 484 562 554 hoo,
584 483 612 542 si
634 483 714 542 nihil
736 483 833 553 aliud,
861 487 901 540 ex
923 482 986 541 illis
1007 481 1213 544 Plutarchict

150 589 301 649 Athenaei
322 588 505 648 testimoniis
527 589 694 648 necessario
717 587 861 666 seqnitur.
907 588 991 647 Cum.
1009 588 1059 647 his
1080 587 1210 647 auctori·

150 695 207 753 bus
228 695 336 753 mirum
359 693 502 772 quantum
524 695 578 754 ulii
600 694 798 754 consentiunt
843 694 952 752 Suidas
981 694 1211 770 lexicographus

150 821 180 865 r.
206 795 393 876 Ἀντίμαχος
422 801 652 860 Stesimbrotum
684 805 716 860 et
746 799 898 876 Panyesiu
930 799 1087 874 magistros
1119 800 1210 859 Anti-

149 907 248 967 machi
271 905 450 982 Colophonii
471 906 610 983 appellat
654 905 714 969 uui
736 905 859 983 quidem
879 905 971 976 locus,
994 906 1031 965 de
1053 925 1111 982 quo
1133 907 1212 966 infre

150 1012 292 1072 disertius
315 1012 473 1071 dicendum
496 1012 569 1082 erit,
600 1012 680 1088 apud
707 1010 870 1070 nonnullos
894 1031 954 1072 non
982 1011 1100 1071 invenit
1120 1012 1211 1072 fidem

150 1138 240 1198 quam
261 1124 408 1190 meretur,
435 1118 489 1177 sed
518 1118 557 1176 ud
587 1118 835 1193 comprobandam
864 1117 1056 1177 Stesimhroti
1083 1124 1211 1179 aetatem

150 1226 232 1283 haud
254 1223 344 1282 dubie
365 1223 439 1282 setis
461 1222 548 1282 valet
586 1224 660 1282 (lum
691 1224 773 1282 euim
795 1223 1005 1283 Antimachum
1033 1230 1113 1283 teste
1134 1225 1209 1283 Dio-¹

150 1331 223 1388 doro
240 1328 340 1387 Siculo
355 1329 445 1399 XIII,
464 1332 526 1390 108
544 1330 598 1387 suh
619 1331 708 1388 finem
723 1330 796 1388 belli
809 1328 1058 1405 Peloponuesisei
1072 1330 1210 1390 floruisse
1278 1317 1281 1321 Δ

149 1441 254 1495 notum
270 1436 321 1505 sit,
345 1434 567 1516 Stesimbrotus‚
589 1436 736 1514 siquidem
752 1435 893 1509 magister
908 1435 974 1493 eins
989 1441 1061 1505 erut,
1084 1436 1210 1496 Periclis

150 1546 248 1601 aetate
270 1541 388 1615 degerit
409 1546 499 1619 atque
521 1541 702 1618 Panyasidis
730 1543 793 1600 fere
816 1540 950 1618 aequalis
976 1541 1068 1601 inerit
1088 1561 1209 1603 neeesse

150 1652 205 1706 est
239 1648 357 1706 Deinde
379 1666 450 1706 vero
472 1648 643 1722 Xenophon
665 1666 782 1726 quoque
804 1646 879 1705 illud
901 1648 1067 1719 confirmet,
1097 1648 1209 1727 quippe

150 1754 202 1831 qui
228 1753 262 1811 in
294 1753 451 1830 Symposio
473 1754 536 1824 IlI,
565 1755 583 1812 6
616 1752 845 1811 Stesimhroturu
874 1752 1048 1826 magistrum
1075 1754 1210 1814 Nicerati

150 1865 183 1919 et
204 1859 358 1937 aequalem
375 1858 505 1918 Socratis
525 1859 625 1917 faciut.
664 1858 835 1917 Niceratum
857 1863 956 1917 autem
978 1864 1108 1919 exeunte
1130 1860 1208 1919 bello

149 1964 405 2041 Peloponnesiaco
425 1965 541 2024 vixisse
563 1965 661 2024 elucet
675 1964 766 2023 etism
789 1983 829 2022 ex
844 1964 937 2041 Lysis
952 1965 1019 2024 adv.
1034 1965 1209 2025 Poliuehum

148 2089 179 2147 p.
205 2073 267 2131 149
291 2071 395 2147 Steph.
418 2070 485 2130 coll.
508 2072 647 2146 Xenoph„
668 2069 750 2129 Hell.
773 2071 823 2140 II,
848 2074 884 2141 3,
908 2072 967 2140 39,
990 2070 1024 2128 id
1046 2072 1207 2149 quodcum

149 2175 337 2234 Stesimbroti
370 2177 457 2236 suuis
490 2177 579 2255 plane
612 2176 756 2250 congruit
808 2177 934 2236 Accedit
964 2176 1094 2255 denique
1127 2178 1209 2237 locus

113 2361 116 2368 1
149 2281 284 2340 Platonis
316 2276 388 2365 (Ion
412 2303 440 2360 p.
462 2285 527 2344 530
550 2283 582 2341 0.
604 2277 663 2367 D),
693 2302 734 2341 ex
763 2301 821 2360 quo
851 2283 1006 2360 probabile
1028 2284 1064 2343 fit
1083 2284 1209 2345 Periclis

149 2391 246 2446 aetate
268 2393 401 2447 nostrum
424 2387 548 2447 vixisse.

236 2494 343 2571 Itaque
383 2513 560 2572 quemquam
592 2494 782 2555 Stesimhroti
809 2500 929 2572 tempus
966 2497 1041 2555 odeo
1072 2503 1206 2557 accurate

147 2603 281 2658 notatum
304 2619 364 2657 non
384 2601 537 2671 habemus,
559 2604 594 2659 ut
609 2600 743 2675 singulos
758 2598 824 2661 eius
846 2621 939 2661 anuos
961 2607 1056 2661 certos
1078 2608 1207 2663 statuere

146 2704 235 2763 nobis
256 2704 355 2776 liceat,
376 2707 433 2765 hoe
447 2712 548 2765 temen
564 2706 640 2765 sutis
655 2711 781 2777 constet,
804 2707 937 2767 Cimonis
952 2728 1021 2766 eum
1033 2711 1068 2767 'et
1080 2709 1207 2769 Periclis

147 2809 242 2868 fuisse
256 2811 418 2889 nequslem.
455 2813 562 2870 Verum
580 2832 639 2871 non
652 2818 723 2872 ente
739 2814 788 2873 01.
803 2815 856 2884 87,
880 2807 955 2896 Νι.
971 2816 1037 2875 430
1052 2833 1078 2873 s.
1094 2815 1147 2873 ch.
1162 2809 1206 2898 u.)

147 2934 216 2974 eum
238 2917 366 2989 obiisse,
394 2918 421 2977 si
443 2918 601 2978 Plutarcho
622 2920 698 2979 fides
720 2924 768 2979 est
788 2920 938 2990 habenda,
960 2925 1020 2978 tarn
1042 2924 1089 2979 est
1110 2921 1205 2979 muni·

146 3021 266 3093 festum,
296 3024 383 3082 utin
405 3024 655 3101 disceptationem
681 3024 785 3084 venire
811 3045 872 3084 non
893 3026 1000 3102 possit.
1045 3027 1205 3103 Perspicue

145 3128 203 3186 hoc
224 3125 405 3204 intelligitur
426 3150 466 3189 ex
487 3129 568 3190 Plut
589 3132 656 3190 Per.
677 3151 702 3191 e
718 3134 760 3193 36
783 3126 860 3215 (rid
880 3133 985 3206 fragm.
1000 3126 1105 3214 XIX)
1128 3134 1206 3192 Num

60 3281 65 3294 ,
146 3251 212 3292 cum
236 3235 380 3295 hocloco
404 3236 619 3296 Stesimhrotus
641 3238 679 3297 de
701 3237 833 3309 infensa,
856 3257 933 3316 quse
954 3238 1034 3297 inter
1053 3238 1205 3316 Xanthip-

146 3357 219 3415 pum
247 3347 280 3399 et
300 3341 446 3402 Periclem
473 3342 659 3413 intercessit,
687 3344 802 3403 ratione
829 3349 930 3403 narret
957 3362 1082 3421 eumque
1111 3364 1205 3422 usque

145 3445 184 3503 sd
213 3449 337 3505 mortem
366 3448 424 3506 filii
451 3449 574 3507 durasse
602 3454 745 3520 testetur,
777 3450 828 3509 hie
855 3468 927 3508 reru
955 3453 1042 3525 peste
1076 3452 1205 3510 Athenis

145 3555 252 3609 exorta
275 3552 320 3611 Ol.
337 3555 388 3624 87,
413 3558 585 3615 Pmortuus
607 3573 674 3613 esse
697 3555 804 3613 eodem
825 3555 889 3613 loco
903 3555 1036 3614 trudatur
1050 3551 1204 3639 (ἀπέθανε

144 3651 206 3734 γὰρ
229 3648 247 3714 ὃ
271 3651 463 3728 Ξάνθιππος
485 3657 518 3719 lv
541 3662 584 3741 τῷ
608 3660 706 3742 λοιμῷ
721 3654 883 3743 νοσήσας),
905 3661 965 3720 isto
986 3666 1120 3739 tempore
1137 3663 1203 3723 Ste·

107 3805 110 3812 .
144 3760 321 3821 simbrotum
349 3763 503 3824 etiamnum
533 3763 651 3824 vixisse
686 3771 776 3842 utque
804 3766 982 3845 Xanthippo
1013 3768 1204 3845 superstitem

85 3889 89 3894 ·
142 3866 239 3926 fuisse
261 3873 354 3944 putet.
391 3871 437 3928 Da
458 3872 514 3930 huc
535 3871 629 3945 igitur
650 3890 682 3930 re
703 3870 786 3931 nulla
807 3873 956 3933 dubitatio
978 3873 1075 3933 loonm
1093 3874 1203 3933 hebere

142 3977 251 4049 potest.

232 4078 344 4140 Verum
377 4081 527 4142 enimvero
559 4088 592 4141 et
622 4083 686 4143 iere
716 4083 917 4143 necessarium
933 4086 995 4142 est
1021 4084 1061 4142 sd
1093 4091 1203 4144 certam
