2842 4559
757 194 778 251 4

663 279 874 286 ...a-m...—

240 368 472 444 cognominatnr.
508 367 609 428 Patria
631 367 725 442 igitur
748 367 962 427 Stesimhrotus
983 365 1042 425 fuit
1063 365 1205 437 Thasius,
1221 366 1263 425 h.
1280 386 1309 425 e.

240 496 280 535 ex
301 476 400 534 'Phoso
426 474 524 534 insula
547 475 699 534 oriundus.
741 473 884 537 Quocirca
897 472 995 531 minus
1016 479 1095 531 recte
1117 471 1308 531 Meinersius

238 582 309 640 hist.
325 580 416 640 litter.
432 580 466 639 Τ.
481 580 523 652 11,
544 599 573 657 p.
592 583 654 642 173
679 579 871 639 Stesimbroti
886 578 1010 657 patriom
1032 596 1093 637 nou
1113 597 1182 636 esse
1196 584 1308 637 notam

238 692 333 765 putat
371 686 500 746 Athenis
522 704 590 745 vcro
609 704 663 764 per
684 684 805 763 aliquod
825 690 945 762 tempus
959 683 1144 744 domicilium
1158 683 1188 743 ei
1203 684 1308 744 luisse

237 794 317 852 inira
337 791 503 869 apparebit

328 893 393 958 lam
415 917 473 975 quo
495 902 628 974 tempore
643 900 747 955 nostor
759 895 871 957 vixerit
885 895 1125 970 investigandum
1140 901 1197 955 ost.
1229 896 1307 955 Sin·

239 1005 307 1081 gula
341 1005 462 1083 quidem
495 1003 533 1061 de
566 1003 623 1062 hec
652 1021 685 1061 re
711 1022 772 1062 non
801 1004 947 1062 habemus
975 1007 1109 1062 accurate
1137 1007 1305 1079 compertu,

239 1110 377 1190 qnoniam
399 1128 496 1188 neque
519 1128 578 1187 qno
600 1127 677 1167 anno
700 1110 743 1168 sit
764 1114 852 1168 nutus
872 1128 971 1187 noque
994 1129 1052 1187 qno
1074 1115 1222 1179 mortuus,
1244 1125 1304 1185 pro

239 1222 318 1277 oerto
347 1216 440 1275 statui
472 1220 583 1292 potest
629 1215 690 1274 Sed
719 1219 802 1273 setas
829 1215 894 1274 eius
923 1215 1118 1292 complurium
1145 1222 1306 1274 auctorum

168 1313 171 1317 Δ
239 1342 385 1383 consensu
406 1322 481 1381 adeo
502 1326 550 1380 eat
571 1321 757 1391 confirmata,
786 1321 872 1380 utin
894 1320 1017 1379 dubium
1040 1321 1137 1380 vocari
1159 1326 1304 1398 nequeat.

240 1428 359 1505 Quippe
375 1426 508 1486 Cimonis
522 1430 555 1486 et
569 1426 695 1485 Periclis
710 1426 844 1504 aequalis
858 1428 928 1486 fuit.
952 1428 1067 1486 Eodem
1082 1445 1148 1485 cum
1165 1427 1303 1497 (limone,

237 1534 385 1594 Miltiadis
411 1533 491 1602 lilio,
519 1538 654 1608 tompore
684 1551 753 1591 eum
781 1532 897 1591 vixisse
926 1533 1014 1593 testis
1043 1540 1091 1593 est
1109 1533 1301 1603 Plutarchus,

238 1641 291 1719 qui
311 1639 385 1699 satis
413 1638 542 1697 dilucida
571 1636 646 1695 dicit
672 1637 733 1695 vic
756 1637 831 1696 Cim.
861 1657 886 1696 c.
909 1641 947 1698 42
979 1637 1218 1717 Στησᾲιβροτος
1249 1630 1301 1697 d'd

241 1741 377 1818 Θάσιος,
403 1742 487 1820 περὶ
512 1737 578 1801 τὸν
600 1737 719 1800 αὐτὸν
737 1734 835 1816 ὁμοῦ
853 1737 1052 1819 τιχρόινον
1072 1746 1121 1824 τῷ
1143 1742 1300 1819 Κίμωνι

237 1845 415 1931 γεγονώς.
460 1853 561 1927 Atque
583 1849 640 1906 hoc
661 1848 785 1927 quidem
805 1847 881 1919 loco,
902 1848 1027 1908 sirecte
1048 1868 1115 1908 eum
1138 1849 1301 1925 perspicio,

237 1958 413 2017 Plutarchus
434 1958 498 2015 fers
528 1954 633 2014 codem
655 1954 746 2013 simul
774 1974 840 2013 oum
864 1954 988 2016 Cimone
1009 1961 1143 2031 tenpore
1165 1962 1301 2014 netum

238 2063 304 2122 sssc
340 2061 568 2122 Stesimbrotum
604 2059 738 2119 indicare
772 2060 902 2119 videtur.
938 2058 1075 2123 .Quodsi
1110 2060 1189 2119 anim
1221 2061 1300 2120 satis

236 2168 388 2242 vulgarem
409 2167 493 2225 illam
515 2165 764 2239 significationem
785 2165 929 2224 formulae
951 2160 1084 2242 γεγονώς
1107 2174 1138 2224 et
1152 2171 1299 2235 murata,

238 2274 323 2353 quasi
346 2293 411 2332 cum
433 2272 465 2330 vi
487 2272 613 2349 quadem
636 2271 784 2330 cumulata
805 2272 896 2330 verba
923 2269 989 2347 περὶ
1014 2268 1069 2330 τὸν
1092 2266 1192 2330 odida
1214 2263 1300 2344 ὁμοῦ

239 2399 266 2437 rr
286 2374 403 2454 χρόνον
425 2378 653 2446 consideramus,
676 2377 851 2436 concludere
873 2378 952 2447 licet,
976 2377 1166 2436 Plutarchum
1184 2383 1302 2436 certum

238 2484 385 2561 quoddam
407 2487 526 2558 tempus
544 2488 681 2542 accurato
704 2483 837 2554 delinire,
860 2484 898 2541 cd
913 2484 993 2561 quod
1008 2483 1122 2541 natales
1144 2488 1177 2541 et
1196 2484 1299 2542 (limo-

237 2591 286 2650 nis
307 2594 339 2648 et
360 2588 549 2647 Stesimbrsti
579 2588 641 2648 sint
660 2589 821 2648 referendi.
865 2590 985 2648 Etenim
1017 2590 1073 2647 hos
1102 2590 1206 2648 eodem
1232 2590 1299 2649 fcrs

236 2700 371 2772 tompore
392 2703 478 2753 nctos
501 2711 567 2753 esse
589 2714 641 2753 cur
661 2715 722 2754 non
744 2697 914 2765 credemus,
935 2714 996 2753 non
1018 2700 1064 2753 est
1085 2715 1181 2753 causa
1218 2696 1299 2753 Nam

238 2803 343 2861 Cimon
369 2801 441 2859 fere,
454 2800 589 2880 aequalis
609 2800 669 2859 fuit
690 2801 831 2872 Periclis3
854 2802 945 2860 huius
964 2820 1033 2859 vero
1056 2809 1153 2860 actate
1169 2800 1296 2859 Stesim·

236 2910 352 2967 brutum
374 2906 505 2978 vixisse,
534 2926 601 2966 cnm
621 2906 781 2966 Plutarcho
809 2906 928 2981 egregie
950 2907 1100 2966 consentit
1123 2908 1297 2966 Athenaeus

237 3014 335 3082 XlII,
364 3031 394 3087 p.
418 3012 481 3072 589
504 3013 531 3070 E
560 3012 610 3070 his
634 3013 752 3071 verbis:
782 3007 870 3080 ἴσως
891 3007 969 3094 (scil.
992 3006 1163 3094 Περικλῆς)
1184 3009 1232 3069 καὶ
1258 3014 1296 3091 τῇ

239 3120 293 3177 tori
316 3113 385 3175 υἱοῦ
408 3115 524 3194 γυναικὶ
548 3116 652 3193 ξυνῆν,
679 3109 722 3185 ὡς
741 3116 978 3194 Στησᾲσβροτος
1000 3109 1017 3174 d
1037 3112 1156 3186 Θάσιος
1179 3113 1301 3192 ἱστορεῖ

237 3218 316 3281 κατὰ
347 3217 422 3291 τοὺς
449 3215 565 3290 αὐτοὺς
593 3216 682 3303 αὐτῷ
711 3216 766 3304 (sc.
789 3217 948 3303 Περικλεῖ)
973 3217 1109 3297 χρόνους
1134 3217 1297 3298 γενόμενος

237 3326 288 3387 acl
312 3320 456 3402 ἑωρακὼς
478 3321 585 3384 αὐτόν.
630 3328 699 3386 hieu
720 3328 814 3401 igitur
840 3328 988 3387 sententia
1009 3346 1048 3386 ex
1069 3327 1121 3387 illo
1143 3326 1296 3390 Plutarchi

236 3432 301 3491 loco
324 3432 523 3506 colligendum
544 3432 677 3505 videtur,
701 3434 928 3492 Stesimbrotum
950 3434 1054 3492 codem
1075 3435 1139 3491 iere
1161 3442 1295 3509 tempore

237 3543 329 3616 atquc
351 3538 504 3597 Cimonem
526 3543 630 3598 natum
660 3558 743 3610 csse3
769 3558 867 3618 neque
895 3559 914 3598 a
942 3538 1206 3599 verisimilitudine
1235 3537 1294 3597 tale

237 3643 312 3723 quid
335 3644 481 3702 abhorret
520 3644 694 3704 Accurstius
710 3645 830 3723 quidem
854 3651 972 3719 tempus
994 3645 1118 3703 delinire
1139 3664 1202 3703 non
1214 3644 1294 3713 licet,

237 3749 307 3828 quia
329 3750 368 3808 dc
388 3749 521 3808 Cimonis
541 3748 590 3809 die
613 3752 706 3811 natali
725 3751 803 3810 nihil
817 3750 1004 3828 exploratum
1020 3753 1172 3811 habemus.
1209 3752 1294 3810 Certe

236 3859 338 3915 autem
360 3854 452 3914 dictio
475 3853 542 3931 usqi
568 3850 622 3915 τὸν
643 3851 741 3916 αὐτὸν
763 3848 842 3932 ὁμοί
867 3877 894 3915 u
914 3852 1033 3933 χρόνον
1054 3852 1185 3933 γεγονώς
1199 3855 1293 3914 maio·

236 3981 299 4022 rem
319 3963 414 4021 habet
435 3967 497 4020 vim
520 3979 610 4040 quam
631 3962 665 4021 in
688 3962 863 4022 universum
880 3964 988 4023 aetatis
1005 3962 1192 4022 Stcaimbtoti
1214 3960 1293 4020 indi·

237 4068 355 4129 candae.
