2842 4559
751 215 774 274 Β

108 473 110 476 ¹
230 391 420 468 smqune
448 385 672 464 grasomatioum
701 388 793 449 asso.¹
815 392 883 449 Non
911 394 958 449 est
979 389 1087 464 igitur,
1109 409 1162 449 our
1183 390 1285 450 fluidas
1399 407 1400 416 ¹

232 495 254 554 Ι.
275 515 301 554 o
324 495 459 554 diversos
480 501 616 554 auotoses
637 494 718 555 inter
743 515 776 555 se
795 495 952 555 misooisse
974 495 1112 556 videatur
1132 494 1204 556 huie
1223 495 1284 576 qni
1399 543 1400 556 ,

230 602 301 661 (ism
322 619 412 678 opera
433 601 698 672 demandauit
718 601 918 664 attsibuendo.
955 603 1031 660 Rem
1052 601 1095 660 ita
1119 622 1151 661 se
1173 603 1285 674 habers,
1352 651 1355 656 ,

232 711 268 767 nt
295 701 404 767 fluidas
434 708 453 767 h
483 727 507 767 o.
537 703 679 779 testatur,
711 708 802 767 hodie
815 709 906 767 ⁵adeo
935 726 988 784 pro
1011 704 1169 783 explorato
1187 708 1286 768 haberi

230 817 313 890 puto,
333 819 369 872 nt
391 815 447 873 hoo
467 818 619 892 tamqnam
640 815 834 873 fundamento
856 813 914 873 niti
935 814 1034 872 liceat

321 920 518 979 Antimaohns
550 919 643 993 igitur
672 919 861 978 Stnsimbroti
892 919 959 978 fnit
986 919 1119 991 auditor,
1151 921 1208 979 hoo
1236 926 1285 991 est,

119 1114 121 1117 y
228 1023 373 1098 *magistro
396 1044 432 1084 eo
453 1043 525 1083 usus
547 1029 603 1084 ost.
639 1026 720 1099 Engo
741 1026 842 1085 docuit
866 1024 1096 1096 Steaimbrotua
1118 1027 1286 1104 etquidem

231 1131 312 1189 hand
333 1130 424 1190 dubio
447 1131 593 1202 Athenis,
621 1132 869 1210 quemadmodum
896 1131 963 1208 ipso
993 1131 1188 1191 Antimachus
1210 1137 1285 1192 eerto

231 1238 288 1295 hoo
315 1236 348 1294 in
377 1238 455 1296 urhe
474 1242 612 1296 vorsatus
640 1243 672 1297 et
700 1237 865 1313 diaoipnlos
892 1243 998 1296 nactus
1027 1242 1089 1306 est,
1117 1257 1184 1296 oum
1205 1237 1286 1296 Plato

230 1342 331 1417 ipsum
353 1342 470 1402 audiret
492 1343 691 1413 „Autimooho
715 1363 791 1402 unns
814 1343 909 1402 iustas
931 1343 1081 1402 omnium“
1110 1339 1185 1427 (uio.
1206 1345 1285 1404 Brut.

229 1468 254 1507 o.
278 1443 347 1529 51).»
381 1448 512 1507 Athenis
527 1449 755 1509 Stasimbrotum
778 1448 923 1518 doonisse‚
946 1449 1194 1508 etiam-Platonis
1209 1445 1285 1533 (lon.

229 1573 259 1630 p.
276 1555 342 1616 430
358 1550 400 1637 D)
414 1560 446 1614 et
459 1555 671 1632 Xenophontis
685 1555 777 1613 verba
798 1548 914 1637 (Symp.
931 1557 989 1627 ΙΙΙ,
1005 1550 1040 1638 6)
1061 1557 1150 1614 fidem
1166 1556 1286 1615 faoiunt.

230 1665 330 1738 Atque
352 1662 409 1719 hoo
430 1662 644 1737 Xenophontis
665 1660 873 1720 testimoniata
900 1662 1058 1737 patefaoit,
1088 1667 1222 1720 nostrum
1251 1663 1288 1719 ab

201 1745 204 1751 .
229 1767 416 1826 auditoribus
439 1787 461 1826 s.
483 1767 643 1844 dissipatis
666 1766 729 1825 suis
751 1767 909 1842 peouniam
932 1768 1088 1842 exegisse,
1116 1768 1196 1827 unde
1218 1787 1286 1826 oon-

230 1873 406 1932 oindendum
428 1873 560 1943 videtur,
591 1874 725 1932 dooendo
755 1892 822 1931 eum
852 1892 925 1948 opes
954 1872 1012 1931 sibi
1042 1874 1224 1951 quaesivisse
1251 1873 1290 1931 ad

227 1978 321 2038 vitam
343 1979 578 2040 sustentandam.
616 1980 726 2039 Vatum
748 1979 985 2056 philosophamus
1007 1985 1071 2038 erat
1090 1998 1128 2037 au
1144 1998 1288 2053 gramma-

228 2085 308 2144 tious
331 2104 369 2143 an
390 2085 443 2144 alii
466 2086 564 2144 studio
587 2084 727 2144 deditus?
764 2086 805 2145 Ut
826 2089 983 2162 appareat,
1012 2084 1060 2143 oui
1082 2085 1290 2158 magistrorum

228 2191 334 2263 genem
355 2196 457 2249 nostor
479 2192 519 2250 sit
540 2191 767 2261 semibeatos,
795 2193 834 2250 ad
860 2191 1070 2250 Antimachum
1100 2190 1167 2249 eins
1197 2189 1289 2248 disei-

229 2296 333 2373 pulam
355 2296 557 2372 respioiumns.
594 2299 627 2355 Is
647 2298 729 2376 quod
751 2302 839 2372 poeta
860 2296 927 2368 fuit,
949 2297 1002 2355 vix
1017 2297 1118 2374 aliquo
1134 2299 1166 2355 in
1181 2316 1289 2374 quaes·

227 2402 311 2462 tinne
333 2407 433 2460 nostra
454 2407 554 2478 potest
575 2421 641 2461 esse
663 2407 822 2473 momento,
844 2402 906 2461 nisi
926 2404 1004 2462 forte
1026 2403 1140 2478 plaoet‚
1163 2402 1290 2461 Stasim-

228 2509 314 2567 hsoto
337 2507 397 2565 vim
421 2509 635 2586 quodammodo
659 2515 690 2568 et
712 2509 888 2583 gravitatem
903 2515 935 2567 et
949 2509 1074 2567 minima
1089 2509 1211 2582 vulgare
1226 2508 1291 2567 elo·

227 2614 341 2693 qnendi
363 2633 472 2689 genus,
502 2634 575 2692 quas
604 2614 734 2675 virtutos
764 2614 971 2678 Quintilianus
1001 2615 1071 2674 inst.
1101 2621 1175 2673 orat.
1196 2615 1245 2684 X,
1271 2617 1291 2673 1

230 2720 409 2781 Antimacho
431 2720 546 2791 tribuit,
569 2723 648 2780 huno
669 2721 779 2781 dehere
801 2721 950 2797 potuisse,
973 2727 1117 2798 qnatenus
1139 2724 1228 2796 poeta
1251 2720 1292 2778 ab

227 2826 289 2887 alio
312 2827 421 2888 instrui
441 2831 533 2905 atque
553 2827 667 2887 emdiri
690 2832 800 2904 potest
838 2831 880 2885 At
900 2845 972 2885 vero
995 2826 1217 2901 grammaticum
1240 2825 1294 2884 vel

101 2975 105 2984 .
226 2933 322 2994 alium
333 2932 479 2993 eiusmodi
491 2934 656 2995 litteratum
671 2933 824 2992 hominem
836 2933 1065 2992 Stesimbrotnm
1079 2932 1174 2991 inisse
1184 2931 1292 2990 admo·

226 3040 299 3098 dnm
320 3044 369 3100 est
391 3044 626 3099 nomentanenm.
664 3037 785 3115 Quippe
818 3039 845 3097 si
867 3038 1034 3116 disoipulus
1055 3043 1121 3098 erat
1141 3055 1293 3111 pamma*

225 3145 323 3216 tiens,
352 3146 433 3205 idom
463 3149 516 3204 aut
544 3145 644 3204 simile
673 3145 747 3223 quid
777 3144 919 3218 magister
947 3145 1162 3204 Stesimbrotus
1191 3142 1296 3218 egerit

227 3269 349 3311 neeesse
370 3255 425 3310 est.
463 3249 530 3314 Qua
550 3253 589 3310 do
612 3269 700 3312 oausa
722 3252 803 3308 hune
823 3270 941 3329 quoquo
956 3250 1179 3325 grammaticum
1201 3249 1294 3327 eqni·

227 3358 296 3416 dom
318 3357 543 3433 appellaverim.
581 3358 650 3426 seo,
670 3362 706 3415 nt
727 3373 895 3429 cognonen,
928 3376 988 3435 quo
1010 3356 1074 3415 inte
1096 3362 1130 3415 et
1152 3355 1296 3414 Antima-

226 3465 316 3523 ohnm
343 3467 376 3522 ot
397 3463 625 3522 Stesimbrotum
655 3462 862 3536 grammaticos
889 3463 985 3522 fnisse
1014 3462 1130 3532 dinam,
1157 3465 1297 3520 antam

228 3587 303 3645 opus
332 3573 393 3639 ast,
418 3588 482 3647 *quo
511 3587 603 3628 soum
624 3567 708 3629 notio
732 3568 981 3643 grammatici
1002 3569 1042 3627 de
1062 3568 1126 3627 illis
1150 3566 1191 3626 sit
1211 3564 1297 3625 aoei-

227 3674 353 3752 pienda,
381 3693 451 3733 nam
479 3674 573 3734 variis
600 3675 787 3751 temporibus
815 3676 929 3734 variam
949 3675 1040 3735 istam
1067 3673 1163 3734 fuisse
1184 3678 1299 3731 notum

225 3784 282 3840 ost
320 3781 398 3839 Sane
420 3779 666 3854 grammatioi
686 3799 798 3840 nomen
813 3780 1004 3841 Stosimbroti
1019 3786 1117 3839 notate
1139 3799 1199 3838 non
1222 3796 1300 3837 sm

224 3885 334 3946 habuit
355 3885 618 3961 signihotiooem,
649 3906 737 3965 qnam
758 3907 813 3947 nos
833 3888 867 3947 in
889 3907 926 3948 ea
947 3887 1046 3947 inesse
1069 3886 1213 3946 volumus
1249 3885 1302 3944 Ut

226 3992 308 4054 enim
329 3994 378 4053 Fr.
393 3997 430 4053 Α.
444 3989 570 4052 Woltins
591 3993 724 4068 puolagg.
745 3994 778 4052 in
800 3995 888 4054 Hom.
909 4014 940 4072 p.
966 3999 1038 4067 170,
1058 3987 1299 4077 a36(p.103

226 4100 274 4159 su
296 4094 354 4183 ΙΙ.)
379 4098 524 4176 exponit,
554 4097 607 4158 tna
634 4099 877 4161 al’isistsstidis
905 4102 944 4161 od
973 4101 1174 4161 Zenodotum·
1190 4103 1299 4158 astato
