2842 4559
680 217 700 275 9

153 389 330 451 vocabulum
348 394 569 465 γραμματικοῦ
591 410 654 450 nou
675 389 870 468 moiosuoais
896 394 969 449 erat
985 391 1040 450 sed
1061 390 1215 462 suendae,

153 500 244 576 atqua
264 497 347 573 apud
368 496 531 567 Platonem,
552 499 796 574 Xenophontem,
818 496 1013 556 Aristotelem
1044 491 1216 575 ἀγράμμα-

77 655 80 659 .
154 602 209 672 πός
233 602 385 662 dicebatur
406 603 449 673 is,
476 603 529 682 qni
550 604 701 663 scribendi
731 609 762 663 st
783 602 904 676 legendi
924 601 1065 662 facultate
1087 602 1215 672 oerabst,

154 708 208 786 qni
228 728 293 767 earn
313 709 444 779 tenebat,
466 704 692 786 γραμματικός.
729 709 855 769 Minima
882 728 955 769 vcro
977 708 1048 767 indo
1070 709 1214 788 sequitur,

154 814 362 875 Antimachum
383 834 447 873 nan
469 815 578 873 debers
600 813 701 874 vocari
723 814 956 889 grammaticum,
978 814 1058 891 quod
1072 809 1125 873 illo
1139 819 1214 873 tom·

153 940 225 998 porc
245 921 377 990 vixerit,
406 920 485 979 sicut
514 939 586 996 praa
616 917 724 980 catoris
748 919 1008 995 Schellenbsrgius
1030 920 1049 979 l.
1071 939 1097 979 s.
1117 939 1147 996 p.
1171 922 1214 980 34

151 1027 227 1087 vult
263 1027 418 1100 originem
440 1034 540 1087 autera
562 1027 772 1100 grammaticos
790 1027 970 1105 criticaequs
991 1043 1054 1086 non
1075 1027 1113 1085 ab
1128 1025 1213 1085 Aris·

152 1134 244 1193 totale
263 1135 385 1195 ¹domum
406 1134 587 1203 ducendam,
619 1134 673 1193 sed
700 1133 762 1191 ism
788 1132 882 1192 multo
910 1137 1000 1192 antea
1030 1132 1112 1191 illius
1141 1131 1214 1191 artis

151 1235 345 1299 fundamenta
360 1258 378 1297 a
402 1239 549 1316 sophistis
571 1239 652 1300 iacta
666 1258 733 1298 esse
750 1241 832 1320 opud¹
844 1241 960 1317 hosque
982 1258 1049 1298 eam
1070 1238 1217 1309 floruisse,

151 1346 245 1406 racis
273 1346 327 1404 vix
358 1364 433 1422 opus
461 1350 509 1405 est
528 1364 666 1404 mouera.
703 1345 866 1421 Praecipue
894 1364 967 1405 vero
997 1346 1214 1403 observandum

152 1459 208 1523 est,
231 1451 362 1520 fluidam,
385 1451 625 1529 qnandoquidem
640 1451 851 1511 Antimachum
874 1457 959 1511 vocat
981 1451 1213 1525 grammaticum,

151 1577 215 1618 non
235 1558 281 1617 ita
302 1558 425 1617 anxium
451 1561 629 1637 mutumque
649 1557 745 1618 fuisse
759 1559 793 1617 in
806 1557 1003 1636 respiciendis
1017 1558 1102 1618 vocis
1116 1557 1214 1617 notio·

151 1665 250 1736 nibus,
279 1671 368 1741 prout
396 1663 533 1738 singulae
564 1669 678 1724 aetates
710 1684 833 1742 poscere
865 1663 964 1723 videri
995 1664 1128 1741 possint,
1161 1665 1213 1723 scd

150 1771 250 1846 magis
271 1771 390 1830 solitam
410 1767 609 1847 posteriorum
629 1775 796 1848 temporum
815 1771 962 1829 rationem
984 1776 1117 1829 secntsrm
1137 1790 1213 1841 essa,

151 1896 193 1936 cx
216 1896 275 1955 qua
298 1876 506 1950 grammaticus
527 1877 555 1935 is
578 1883 634 1948 ost,
657 1877 708 1954 qui
731 1875 894 1936 tractandis
916 1876 1041 1947 litteris,
1065 1875 1212 1952 imprimis

151 1986 252 2041 autern
283 1981 459 2058 scriptorum
490 1984 630 2059 operibns
659 1984 816 2057 exegetica
846 1987 878 2041 et
902 1981 1005 2041 critiae
1025 1981 1212 2057 explicandis

151 2088 406 2166 amandandisque
423 2093 583 2165 occupatus
605 2095 676 2148 erat.
715 2089 844 2148 Athenis
863 2089 936 2147 inde
959 2089 1124 2148 aPersicis
1146 2088 1211 2147 bel·

150 2194 191 2254 lis
220 2194 253 2253 iu
280 2195 409 2254 Homero
438 2195 569 2255 maxime
599 2195 670 2256 talia
697 2195 799 2255 studia
828 2194 971 2254 collocata
995 2214 1062 2254 csso
1092 2214 1141 2254 res
1164 2200 1212 2253 est

149 2299 317 2359 notissima.
353 2302 403 2359 Ita
426 2301 619 2361 Antimachus
642 2321 761 2379 quoquc
791 2289 947 2360 habeadus
969 2306 1017 2361 est
1038 2301 1209 2375 grammati·

151 2425 218 2476 cus,
248 2406 389 2484 quoniam
415 2425 476 2465 non
506 2407 600 2466 solum
622 2407 660 2466 ds
682 2409 812 2467 Homero
835 2407 898 2481 agit
920 2407 973 2466 ssd
995 2408 1088 2467 etism
1109 2406 1211 2466 critica

150 2512 268 2572 ratione
282 2516 495 2589 pertractatum
510 2531 578 2571 enm
599 2513 732 2572 edidisse
752 2513 888 2573 traditur.
924 2515 1021 2573 Immo
1036 2513 1096 2573 ia'm
1112 2514 1209 2573 'l’hss-

151 2638 244 2694 genes
264 2620 431 2694 Rhegiuns,
453 2620 505 2696 qui
526 2619 697 2697 cambysis,
718 2620 990 2693 Persarumregis,
1012 2625 1110 2679 estate
1131 2619 1212 2678 vixit

149 2729 228 2784 testa
251 2725 380 2784 'l'atiano
400 2726 467 2784 adr.
488 2726 588 2785 Graec
611 2746 639 2802 p.
665 2728 727 2786 166
751 2727 798 2784 ed.
813 2727 889 2795 Par,
910 2726 942 2783 in
959 2725 1089 2784 Bekkeri
1111 2730 1209 2784 Anac·

150 2830 232 2889 datis
247 2830 368 2891 Graccis
385 2834 458 2901 729,
475 2834 517 2891 22
532 2832 741 2905 grammaticus
755 2831 870 2908 primus
884 2831 1065 2908 perhibetnr.
1090 2830 1211 2891 Etenim

149 2938 276 3012 πρῶτος
296 2931 414 3014 ἔγραψε
437 2934 504 3013 aspi
523 2930 667 3015 Ὁμήρου
688 2938 850 2998 secundnm
881 2937 996 2996 scholia
1016 2938 1091 2997 Van.
1114 2938 1153 2995 ad
1174 2937 1210 2996 11.

149 3041 230 3113 XX,
253 3045 304 3104 67.
342 3042 481 3102 Dubitari
514 3042 611 3117 igitar
629 3044 748 3122 nequit,
781 3043 853 3121 quin
874 3044 1071 3104 Antimachus
1094 3061 1210 3121 quoquo

149 3149 337 3221 grammatici
359 3167 468 3207 nomen
484 3149 618 3225 accipcrs
633 3151 749 3209 debeat
786 3151 900 3209 Forsan
915 3149 1064 3228 quispiam
1081 3152 1211 3226 opponat

146 3247 255 3337 (idque
276 3255 536 3329 Schellcnbcrgius
553 3253 580 3314 ¹1.
603 3276 628 3315 c.
649 3274 679 3332 p.
702 3258 746 3317 34
767 3251 863 3338 tacit),
883 3275 902 3314 a
917 3256 1041 3316 Tatiauo
1056 3255 1076 3314 l.
1091 3275 1116 3314 o.
1131 3255 1211 3315 inter

149 3356 227 3417 alios
249 3360 458 3419 Antimachum
480 3356 584 3444 (atque
607 3356 851 3444 Stasimbrotnm)
878 3360 1039 3420 manifesto
1061 3361 1210 3436 distingui

5 3436 35 3536 ⁹,
148 3483 168 3523 a
181 3463 343 3535 Zenodotc,
366 3466 546 3537 Aristarcho,
570 3466 759 3538 callimacho,
780 3469 837 3526 hos
858 3486 928 3526 varo
950 3485 1093 3544 expresse
1113 3487 1209 3543 gram·

146 3570 275 3629 maticos
306 3572 464 3632 naminari.
508 3573 568 3633 Sed
596 3573 764 3634 mctisaima
795 3571 983 3633 Villoisonus
1015 3575 1149 3650 prolegg.
1176 3574 1211 3635 in

147 3677 237 3736 Ham.
258 3677 349 3738 schol.
373 3679 447 3738 Van
468 3698 499 3756 p.
515 3679 622 3738 XXV:
644 3679 787 3749 „Erudito
802 3679 946 3739 Tatianus
959 3681 1101 3761 antiquos
1116 3681 1209 3759 scrip·

147 3785 239 3853 tores,
263 3783 315 3861 qni
339 3775 382 3855 sir,-
397 3778 553 3863 πάρεργον
574 3784 707 3844 criticam
723 3789 896 3856 tractarunt,
918 3786 1019 3858 abiis,
1042 3787 1094 3865 qui
1108 3792 1208 3865 poste·

145 3887 280 3947 rioribus
299 3889 487 3966 temporibus
508 3909 573 3948 caru
595 3891 682 3950 unios
703 3891 867 3962 coluerunt,
888 3891 1080 3967 distinguit.“

237 3993 373 4058 Quae-dc
386 3995 700 4056 Antimachouberins
714 3997 865 4075 disputata
879 4003 957 4069 sunt,
973 3999 1077 4057 eadam
1091 3996 1125 4056 in
1141 3998 1208 4057 Sto·

16 4189 17 4192 Ἴ
144 4098 324 4162 simbrotnm
344 4106 480 4161 nostram
500 4105 606 4178 utputa
628 4101 694 4162 eius
715 4103 890 4179 magistrum
911 4101 1098 4163 cadensium
1120 4121 1210 4179 supra
