2842 4559
655 218 694 276 lb

568 300 780 312 ——u--ae-——boo

143 390 417 454 seueriore-vix
433 391 580 468 repereris
609 392 687 452 tiles
707 411 804 466 nugas
825 391 989 468 prosedas,
1010 389 1114 470 quales
1135 389 1202 450 illo·

140 519 208 561 ram
229 503 326 558 aetate
355 497 390 556 in
418 497 600 575 etymologia
616 498 760 575 ¹prolatas
788 517 855 557 ease
885 495 1061 557 ePlatonie
1083 494 1203 572 Oratylo

141 604 295 681 cognitam
317 603 476 673 habemus,
497 601 546 661 vel
568 604 675 674 edam,
697 602 946 683 quemadmodum
966 601 1143 675 Protagoras
1165 601 1203 659 da

142 731 202 772 asa
222 709 391 787 imperativi
419 710 578 773 verborum
607 709 689 769 modi
720 708 874 785 praecepit
902 711 1022 783 poetam
1042 707 1203 781 reprehen-

142 819 226 889 dens,
247 816 327 894 qnod
347 833 464 874 masam
485 814 539 872 tali
552 815 645 886 ,modo
668 814 821 874 inroearit
848 808 988 896 (Wolbns
1010 812 1029 869 L
1053 807 1103 895 a.)

188 939 192 945 “
231 921 390 981 Eiusmodi
419 919 626 994 grammaticas
651 921 841 998 quaestiones
865 919 1100 979 suumbrotam
1113 915 1203 975 iasti-

143 1029 240 1089 tuisse
263 1045 360 1105 neque
382 1023 569 1102 exploratam
591 1031 639 1086 eet
659 1044 755 1103 neque
777 1026 842 1085 veri
863 1025 977 1096 similo,
994 1024 1074 1101 qaod
1096 1024 1133 1080 de
1155 1021 1205 1081 his

142 1138 250 1213 postea
271 1135 389 1192 demum
410 1131 632 1191 controversiae
653 1131 762 1205 agitari
785 1138 907 1208 coeptae
938 1136 1024 1197 suut,
1053 1127 1105 1200 ille
1133 1146 1206 1188 vero

145 1241 185 1299 ad
207 1238 395 1300 Persicorum
417 1237 563 1296 bellorum
585 1241 716 1297 aomtem
736 1238 833 1314 magis
854 1238 996 1296 accadens
1018 1255 1098 1306 earn,
1129 1252 1205 1310 quae

143 1352 209 1406 aum
231 1344 361 1414 valebat,
383 1344 559 1403 Homericae
580 1344 795 1419 explicationis¹
807 1344 955 1403 'rationem
971 1340 1127 1418 amplexae
1148 1343 1206 1398 est.

143 1453 281 1529 Namque
314 1450 349 1508 in
381 1449 539 1523 allegorica
568 1450 756 1526 potissimam
789 1448 1012 1510 Homericorum
1043 1445 1206 1505 carminum

144 1556 392 1633 interpretatione
413 1555 516 1633 procul
538 1556 628 1615 dubio
643 1554 817 1615 elaborarit
854 1553 934 1614 Huic
957 1553 1016 1613 iarn
1031 1550 1207 1629 philosophi

144 1683 265 1741 operam
285 1681 396 1722 navare
411 1663 581 1732 studebant,
604 1662 665 1740 qai,
688 1672 722 1719 ut
745 1660 909 1720 rectissime
928 1659 1050 1718 Wolfius
1068 1658 1207 1732 Prolcgg.

144 1790 176 1847 p.
201 1772 262 1830 161
285 1763 330 1851 (p.
353 1771 393 1829 97
418 1769 465 1826 ed.
487 1764 536 1850 Il)
558 1768 670 1838 statuit,
691 1767 818 1838 fabulas,
840 1786 914 1843 quas
935 1764 1060 1824 ridicule
1075 1762 1206 1821 etinde-

144 1895 214 1934 core
233 1894 253 1933 a
273 1873 426 1933 veteribus
450 1874 562 1949 poetis,
591 1873 751 1949 praecipue
773 1874 903 1931 Homero
930 1870 1208 1928 animadvertebant

143 1980 220 2054 tingi
242 1981 280 2038 de
302 1984 406 2037 natura
428 1981 548 2038 deorum
568 1986 602 2038 et
622 1998 739 2049 rerum,
769 1976 1014 2053 interpretatione
1044 1995 1100 2034 sua
1119 1974 1208 2032 corri-

146 2105 217 2162 gere
240 2091 327 2162 atque
349 2086 387 2142 ud
409 2085 578 2162 physicam
591 2090 623 2143 et
648 2083 791 2143 moralem
817 2082 981 2142 doctrinam
1007 2100 1078 2140 suae
1099 2079 1208 2138 aetam

146 2192 384 2262 accommodare,
407 2192 544 2270 ¹denique
574 2190 715 2249 historias
737 2197 773 2249 et·
790 2185 853 2249 fere
875 2188 974 2248 omnia
997 2188 1035 2245 ad
1055 2169 1208 2245 involucra

144 2296 315 2375 exquisitae
346 2296 512 2373 sapientiae
542 2297 659 2356 trahere
687 2301 859 2373 coeperunt
900 2294 1063 2369 Praecipue
1088 2297 1206 2350 Anan-

147 2422 248 2478 goram
269 2403 324 2464 tali
346 2402 505 2477 allegorica
518 2403 767 2478 interpretatione
785 2403 896 2461 famam
910 2407 1030 2460 nactum
1044 2418 1110 2459 esse
1125 2397 1206 2458 curs·

147 2527 206 2586 qne
235 2514 388 2587 tamquam
417 2515 565 2567 auctorem
596 2508 754 2567 exstitisse
781 2513 907 2566 wnstct.
942 2512 1040 2583 Atque
1070 2505 1104 2563 in
1131 2505 1208 2562 hane

146 2633 226 2684 rem,
252 2615 301 2673 cai
330 2631 432 2674 omues
454 2616 518 2673 lere
539 2614 662 2673 litterati
689 2613 828 2672 homines
848 2612 931 2670 illiue
953 2611 1063 2672 nentis
1082 2611 1206 2670 incubu-

147 2725 244 2789 erant,
267 2720 497 2779 Stesimbrotum
520 2739 637 2799 qaoque
658 2739 779 2796 operam
801 2738 885 2777 suam
904 2718 1087 2794 impendisse
1102 2723 1135 2776 et
1155 2733 1209 2791 per

147 2844 183 2885 ee
204 2826 346 2885 credibile
368 2832 528 2886 esteten
551 2806 617 2885 illis
639 2827 817 2902 scriptorum
845 2824 1026 2883 testimoniis
1052 2822 1208 2899 perspicue

146 2933 345 3005 cognoscitur,
368 2952 444 3010 quae
467 2938 556 2990 autea
576 2931 817 3010 perquisivimus.
853 2932 931 2989 Nam
953 2930 992 2987 ad
1011 2928 1094 2988 istud
1116 2927 1207 2985 inter·

146 3038 287 3115 pretendi
310 3057 404 3113 genus
426 3038 583 3097 referenda
606 3043 675 3096 eunt
701 3056 752 3108 ea,
781 3055 859 3114 quae
887 3035 921 3094 in
945 3035 1085 3112 Xenoph.
1107 3034 1209 3109 Symp.

147 3143 217 3202 Le.
241 3139 285 3203 roi
308 3142 463 3205 πολλοῦ
487 3140 580 3214 ἄξια
596 3144 791 3214 nominantur,
815 3137 900 3201 etui
916 3134 1114 3210 ὑπόνοιαι,
1136 3157 1209 3215 qraaa

147 3249 292 3324 rhapecdi
322 3249 433 3315 ibidem
463 3249 600 3323 ignorare
622 3249 769 3308 dieantur.
805 3248 886 3313 Ques
917 3248 1054 3310 notiones
1076 3264 1130 3321 pro
1151 3245 1211 3304 loei

148 3355 365 3413 sententiarum
391 3374 472 3413 nexu
500 3373 561 3414 non
591 3373 680 3430 pere
709 3373 770 3413 non
799 3353 929 3427 intelligi
959 3351 1208 3428 dccxplicundia

147 3456 401 3519 interioribusue
421 3460 678 3519 reconditiorrbae
692 3460 856 3519 carminum
878 3458 974 3518 sensis
996 3458 1018 3516 i.
1035 3459 1116 3517 ade
1137 3456 1208 3517 alle·

149 3564 251 3641 gerion
280 3584 381 3624 eornm
408 3565 655 3644 interpretatione
684 3565 746 3625 ianr
773 3585 861 3642 snpra
882 3564 1028 3624 monitum
1049 3569 1105 3624 est
1149 3563 1210 3623 Sed

148 3689 270 3731 omnem
289 3672 508 3732 dubitationem
528 3671 663 3731 Platonis
684 3672 767 3730 locus
781 3671 861 3730 tollit
883 3666 954 3754 (lon
969 3666 1104 3752 paea).
1126 3671 1208 3729 Inte·

147 3776 258 3836 riorenr
288 3779 450 3838 carminum
479 3777 680 3848 intellectum,
714 3795 801 3853 quem
831 3778 969 3836 Socraten
1000 3796 1055 3853 per
1082 3775 1211 3836 ironiam

148 3900 227 3941 rano
248 3883 397 3960 rhapecdo
419 3884 542 3954 tribuit,
573 3884 611 3942 ad
639 3883 723 3942 illam
751 3882 926 3958 allegoricae
953 3881 1210 3958 interpretationis

148 3973 298 4048 rationem
320 3989 467 4067 respicere
491 4009 552 4048 nou
566 3989 634 4048 'ianr
655 3996 702 4049 est
721 4009 773 4049 cur
787 4008 945 4066 exponam.
981 3987 1119 4047 Eandem
1140 4006 1208 4046 serr·

149 4113 218 4153 eum
240 4096 331 4154 verba
354 4093 454 4173 slyen
473 4093 564 4173 περὶ
584 4087 729 4174 Ὀμήρου
752 4099 785 4155 et
806 4093 900 4155 εἰπεῖν
915 4089 1013 4163 καλὰς
1028 4090 1211 4163 διανοίας
