2842 4559
668 994 744 1045 Nihil
760 995 790 1046 in
807 995 900 1046 abadiia
918 1011 1049 1061 parvam..

886 1083 996 1141 Quintil

128 1369 305 1482 Litteraria
320 1419 498 1486 Graecorum
520 1418 647 1480 historia
664 1423 724 1478 tom
747 1419 857 1480 multos
880 1420 1005 1492 exhibet
1027 1421 1136 1482 eximie
1152 1424 1190 1482 de

127 1517 292 1575 litterarum
317 1517 492 1576 Graecarum
514 1515 587 1575 flore
608 1516 748 1586 meritos,
771 1521 806 1575 ut
833 1516 941 1575 mirum
966 1537 1025 1576 aon
1046 1518 1190 1589 videatur,

128 1624 200 1680 prae
224 1604 273 1664 his
296 1605 469 1664 clarissimia
502 1624 554 1663 eoa
590 1604 643 1683 qai
672 1604 817 1663 minorem
846 1624 919 1663 anne
948 1607 1098 1667 consecuti
1120 1617 1191 1666 aaut

113 1695 238 1751 tamam
260 1693 292 1751 in
325 1694 508 1751 oblivionem
529 1693 649 1751 venisse
662 1698 794 1763 tantam,
817 1699 850 1751 ut
871 1692 925 1750 vix
947 1694 1069 1752 nomina
1088 1714 1192 1754 eorum

129 1782 209 1856 apud
230 1800 284 1839 noo
306 1790 377 1839 nota
399 1782 468 1840 rint.
514 1781 605 1857 Atqui
635 1781 661 1838 ai
684 1782 716 1839 in
745 1781 892 1839 eiusmodi
912 1783 1064 1841 hominum
1086 1784 1199 1842 (ποθῶν

127 1869 240 1927 tionem
260 1870 423 1927 accuratius
438 1869 581 1947 inquiras,
607 1870 681 1928 satia
695 1870 780 1943 gravi
796 1871 852 1927 hoa
866 1869 935 1927 illos
951 1890 1016 1929 ease
1039 1876 1190 1930 momento

127 1976 185 2015 areo
207 1965 268 2016 tam
291 1956 399 2015 humili
421 1956 484 2015 loeo
499 1958 652 2016 habendos
667 1962 835 2028 cognoscas.
874 1956 1006 2020 Quorum
1029 1960 1063 2017 in
1083 1979 1188 2018 numa-

127 2064 197 2103 rum
225 2064 296 2121 prae
327 2045 434 2103 oeteria
463 2046 636 2106 referendus
664 2046 787 2106 videtur
814 2046 1028 2106 Steaimbrotaa
1050 2049 1189 2107 Thasiae.

127 2137 230 2210 Atque
251 2133 341 2191 huius
363 2133 482 2209 quidem
504 2134 644 2192 univerae
664 2134 793 2192 conditio
815 2139 946 2193 tameat
967 2136 1134 2210 singularia,
1155 2143 1189 2196 ut

127 2223 260 2297 profecto
284 2221 374 2294 digna
397 2221 438 2279 ait
459 2223 496 2280 de
518 2242 578 2300 qua
599 2222 696 2281 iuaiua
715 2229 830 2295 agatur.
864 2227 959 2282 Nemo
982 2224 1082 2298 igitur,
1104 2232 1188 2302 puto,

127 2310 218 2368 haina
245 2310 503 2368 commentationis
533 2311 703 2383 argumenti
737 2311 857 2387 optione
891 2313 1075 2381 offendetur,
1095 2315 1188 2391 .qaod

128 2397 266 2476 equidem
289 2398 327 2456 de
351 2397 548 2458 Stasimbroto
571 2398 682 2457 Thoaio
702 2399 825 2473 uberius
848 2400 1095 2459 diaacreremibi
1118 2422 1186 2477 pro·

127 2486 224 2560 poaai.
272 2485 332 2544 (lar
354 2493 452 2544 autem
474 2487 506 2544 in
530 2488 585 2545 hac
598 2487 788 2562 potiaaimum
812 2489 933 2546 materia
947 2491 1101 2548 tranando
1122 2496 1186 2549 atu·

127 2565 210 2632 dium
232 2593 330 2632 meam
352 2594 531 2651 operamque
553 2574 722 2634 collocorim
736 2595 883 2653 quamquo
905 2577 1050 2636 rationem
1065 2578 1186 2637 inierim

126 2663 161 2721 in
181 2664 237 2721 hac
258 2682 307 2733 re,
330 2662 433 2738 paucis
455 2682 612 2739 exponam.
648 2669 652 2673 ’
859 2673 862 2678 ’

218 2749 276 2813 Qui
299 2752 335 2808 de
361 2751 555 2809 Stesimbroto
579 2751 689 2809 Thasio
713 2751 801 2827 primi
824 2758 965 2825 egerunt,
998 2753 1120 2812 Vossius
1147 2756 1185 2813 do

126 2839 198 2896 hiat.
221 2858 316 2911 graec.
339 2840 398 2909 IV,
421 2859 446 2897 c.
470 2843 503 2909 7,
532 2840 652 2897 Ionaius
679 2840 716 2897 de
739 2839 836 2915 script.
859 2841 928 2898 hist.
951 2841 1025 2915 phil.
1048 2844 1081 2911 1,
1109 2862 1133 2901 c.
1154 2846 1185 2913 4,

125 2926 281 2985 Fabricius
303 2927 376 2985 bibl.
398 2947 492 3000 graec.
510 2929 543 2997 1,
566 2947 595 3002 p.
620 2930 684 2988 524
706 2928 806 2996 Harl,
829 2948 889 2985 rom
906 2928 1000 3002 magia
1024 2931 1186 3004 attigerunt
1266 2944 1268 2947 '

126 3034 215 3092 qaam
237 3016 449 3074 exhauserunt.
486 3019 592 3093 Neque
601 3016 790 3074 ‘Sinteniaiuo
809 3010 901 3098 (Pla.
917 3018 1019 3075 Thera.
1035 3019 1081 3077 ed.
1100 3021 1184 3079 1832

125 3123 155 3180 p.
181 3107 221 3162 14
244 3098 304 3186 aq.)
332 3105 406 3162 aetia
434 3115 569 3163 accurate
591 3105 631 3162 de
655 3124 690 3163 eo
713 3105 896 3180 disputavit,
923 3106 1012 3163 immo
1040 3126 1079 3165 ne
1102 3127 1184 3166 arram

126 3192 246 3269 quidem
268 3211 328 3250 ram
351 3193 477 3267 peregit,
498 3204 645 3270 quatenus
668 3193 764 3269 qualis
787 3194 980 3253 Platareheaa
1001 3194 1041 3253 sit
1058 3196 1183 3254 Stesim·

125 3280 229 3338 bratus
251 3280 355 3355 docere
377 3281 502 3339 studuit.
547 3280 736 3356 Quapropter
764 3290 842 3341 reete
871 3283 903 3340 G.
926 3284 973 3340 Fr.
995 3284 1183 3343 Hermannus

125 3363 200 3449 (ind.
222 3368 388 3426 lactaret.
410 3369 504 3427 Marb.
524 3371 607 3430 1836
630 3389 660 3444 p.
684 3364 793 3452 v111):
817 3370 977 3441 „vellemus
1000 3373 1090 3430 etiam
1112 3373 1182 3430 reli·

125 3475 181 3533 qua
213 3456 279 3514 eius
307 3455 438 3529 vestigia
468 3458 648 3516 Siatenis'iuo
682 3458 855 3531 indagaaaot
886 3459 946 3527 ita,
979 3466 1014 3518 ut
1045 3459 1183 3519 universa

125 3544 256 3602 hominia
286 3545 418 3603 conditio
441 3589 449 3604 .
472 3585 480 3603 .
503 3588 510 3604 .
531 3546 684 3623 aliquanto
711 3547 820 3604 clarina
842 3554 1026 3621 appareret.“
1072 3550 1182 3608 Veram

126 3631 191 3707 ipae
213 3633 419 3703 Hermaanaa,
443 3653 619 3711 quamquam
641 3634 784 3693 nonaalla
804 3634 844 3699 ad
866 3636 932 3693 eiua
953 3636 1093 3695 notitiam
1114 3658 1181 3714 per·

125 3720 253 3779 tinentia
281 3722 399 3780 addidit
420 3721 439 3779 l.
462 3742 504 3793 o,
531 3741 720 3801 nequaqnam
740 3722 823 3780 illam
851 3725 1054 3799 quaestionem
1082 3726 1181 3784 absol·

126 3809 182 3879 vit;
212 3829 309 3888 neque
339 3810 434 3868 voluit
457 3831 520 3868 eam
544 3810 705 3869 absolvere.
752 3811 888 3888 Denique
911 3813 1076 3871 Muellerus
1097 3809 1181 3895 (hiat.

126 3915 218 3969 graec.
242 3899 346 3972 fragm.
370 3898 417 3967 Il,
440 3918 469 3974 p.
492 3901 534 3958 52
558 3894 617 3981 sq.)
639 3898 758 3972 singula
778 3905 912 3958 veterum
934 3901 1106 3958 testimonia
1121 3920 1181 3958 una

10 3993 12 3998 ’
125 4003 190 4043 oum
211 3986 388 4059 fragmentis
411 3987 598 4045 Steaiarbroti
621 3987 782 4060 diligenter
804 3988 924 4065 quidem
947 3988 1069 4061 collegit
1091 3994 1180 4067 atque

125 4073 274 4151 complura
295 4074 400 4134 attulit
425 4076 462 4133 od
485 4075 683 4150 cognitionem
704 4076 770 4134 eius
792 4077 974 4149 aagendam,
998 4076 1051 4134 aed
1074 4078 1179 4135 etiam·

973 4186 990 4240 1
