2842 4559
664 237 705 294 21

152 412 244 470 netur
269 409 492 484 grammaticum
519 410 665 489 quendam
685 403 777 469 istum
799 408 909 468 librum
930 408 1024 467 fuisse
1043 409 1095 469 rel
1124 409 1215 470 alium

152 516 309 589 eiusmodi,
330 516 383 575 ubi
402 516 452 576 hic
472 517 545 589 illic,
565 521 601 575 ut
621 505 734 576 occasio
753 515 864 586 tulerit,
884 501 1046 574 Homerum
1068 519 1215 576 treatme-

152 625 198 683 rit
219 624 283 683 sive
304 624 384 682 locos
404 623 469 682 eius
491 612 666 700 explicando
689 623 755 681 sive
767 621 970 681 emendando.
997 622 1056 680 Sed
1069 622 1215 700 quomodo

153 729 291 807 Heynius
319 731 434 806 (comm.
454 730 542 788 Hona
564 729 602 788 Il.
625 729 718 800 VIII,
744 749 773 806 p.
798 709 1233 816 671)61661616111ιεί6111Υ

153 827 294 895 Historioo
317 854 405 912 opere
427 835 756 895 Stesimbrotumillud
777 834 884 922 iecisse
904 827 1030 918 rideri„
1042 853 1102 893 non
1123 827 1225 910 capio.

152 945 198 1001 At
219 961 271 1001 cur
292 961 353 1002 non
376 942 555 1020 peculiarem
576 942 614 1000 de
628 942 759 1000 Homero
780 921 918 1021 libellum
932 935 1034 999 noster
1047 937 1215 1016 scripserit?

150 1049 243 1107 Certe
269 1047 296 1106 si
327 1048 365 1105 ad
393 1047 556 1108 Metrodori
585 1048 769 1126 aliorumque
797 1046 942 1125 rationem
963 1051 1099 1105 nostrum
1120 1045 1215 1120 exigi·

150 1173 230 1225 mus,
251 1173 442 1234 permagnam
463 1155 555 1213 habet
575 1153 640 1213 veri
662 1153 803 1230 speciem,
827 1152 981 1227 singirlare·
998 1172 1065 1211 eum
1093 1152 1131 1210 de
1151 1152 1214 1210 Ho-

151 1278 237 1318 mero
259 1278 332 1336 opus
347 1259 552 1335 composuisse
584 1258 731 1322 Quoniam
744 1277 816 1318 vero
830 1259 1017 1317 Metrodorus
1033 1249 1216 1334 περὶ-Ὁμή-

154 1384 214 1440 ρου
244 1363 397 1441 scripsisse
427 1366 592 1424 aTatiano
614 1365 635 1423 l.
656 1385 680 1423 o.
702 1384 732 1441 p.
757 1370 818 1423 160
849 1364 993 1436 traditur,
1026 1358 1216 1424 Stesimb'roti
1271 1411 1273 1414 .

153 1489 286 1550 quoque,
307 1475 412 1547 utpote
433 1471 518 1529 illius
541 1471 698 1543 simillimi,
720 1470 830 1529 librum
853 1469 920 1547 napi
942 1462 1087 1548 ‘Ourjoou
1108 1468 1214 1527 inscri-

151 1580 238 1653 ptum
256 1577 351 1635 fuisso
371 1578 452 1635 haud
473 1578 577 1655 inepte
598 1577 800 1636 indicaverim.
830 1575 1046 1654 Sydenhamius
1061 1576 1215 1654 quideme

153 1682 280 1741 Tatiano
302 1682 323 1742 L
346 1703 372 1766 o.
391 1703 420 1763 p.
446 1688 507 1742 166
531 1683 698 1760 suspicatur
721 1680 787 1757 napi
812 1684 868 1760 τῆς
897 1676 1049 1759 ποιήσεως
1070 1674 1213 1759 Ὁμήρου

151 1786 378 1865 inscriptionem
392 1789 495 1860 fuisse,
517 1790 570 1848 sed
592 1805 650 1868 quo
672 1789 746 1858 iure,
767 1807 814 1846 me
836 1807 897 1846 non
918 1787 1021 1846 ridere
1039 1786 1135 1845 fateor
1148 1807 1215 1845 cum
1263 1859 1265 1863 Ι

153 1894 196 1952 Μ.
218 1894 254 1952 G.
273 1893 418 1953 Muellero
439 1890 529 1971 (Plat.
544 1897 604 1967 Ion
616 1896 662 1954 ed.
682 1897 775 1965 1782,
789 1913 817 1968 p.
837 1893 897 1969 16).
914 1925 953 1936 -
972 1879 1057 1956 Quod
1072 1892 1215 1950 'l'atianus

153 1998 383 2058 Stasimbrotum
397 2001 435 2059 de
449 1979 556 2075 genere
564 1999 688 2059 Homeri
702 1998 886 2078 quaesivisse
896 1978 1000 2068 refert,
1015 1997 1132 2073 egregie
1146 2017 1214 2055 con·
1251 2007 1253 2011 '

151 2105 291 2163 firmatur
312 2124 347 2164 eo
362 2106 527 2181 fragmento
550 2108 629 2187 quod
650 2106 716 2165 iura
736 2104 833 2182 primo
854 2105 918 2163 loco
939 2104 1109 2181 ponendum
1129 2103 1214 2163 vide·

154 2214 206 2268 tur
227 2210 275 2288 (fr.
291 2211 337 2288 L).
381 2210 499 2289 Quippe
519 2214 715 2291 Smyrnaeum
736 2217 838 2270 noster
851 2212 1014 2270 Homerum
1033 2214 1127 2270 vocat.
1159 2210 1214 2268 Di·

154 2336 241 2375 versa
261 2322 396 2377 veterum
419 2320 457 2377 de
478 2318 577 2396 patria
602 2321 709 2395 poetae
736 2317 909 2377 testimonia
936 2336 1108 2394 percensere
1137 2315 1215 2374 nihil

155 2422 273 2482 attinet.
316 2424 419 2495 Nobis,
440 2427 475 2498 ut
489 2423 680 2483 Stesimbroti
700 2422 860 2482 auctoritas
882 2428 1032 2501 appareat,
1053 2422 1152 2500 paucis
1168 2426 1215 2482 est

154 2527 319 2601 dicendum,
341 2529 393 2608 qui
415 2529 469 2587 alii
490 2528 648 2606 scriptores
668 2550 734 2588 oum
756 2550 790 2589 eo
811 2530 845 2589 in
865 2529 926 2588 ista
941 2549 979 2588 re
1000 2529 1121 2588 faciant.
1148 2531 1213 2588 Iam

153 2634 187 2693 in
208 2635 363 2694 Homerico
385 2637 423 2695 ad
446 2635 587 2694 Cumaeos
608 2635 738 2694 carmine
766 2635 903 2694 Aeoliam
925 2636 1081 2719 Smyrnam
1102 2636 1212 2694 Home-

153 2759 204 2798 rus
231 2745 356 2800 matrem
384 2761 467 2800 suam
497 2746 647 2818 nuncupat
676 2743 725 2818 (cf.
746 2741 885 2800 Welcker
914 2761 959 2818 ep.
981 2742 1053 2818 cycl.
1075 2763 1104 2819 p.
1130 2741 1213 2817 142).

153 2845 254 2905 Etiam
276 2846 422 2906 Pindarus
444 2847 478 2906 in
499 2848 563 2906 loco
589 2847 744 2924 deperdito
766 2848 908 2925 Smyrnae
935 2851 1054 2924 poetam
1080 2846 1213 2920 assigna·

153 2956 248 3024 verat,
270 2972 449 3032 quamquam
469 2953 550 3011 idem
571 2953 720 3012 Pindarus
742 2952 801 3012 alio
823 2953 887 3012 loco
902 2953 951 3029 (fr.
964 2952 1002 3029 Ι.)
1025 2951 1131 3010 Chium
1145 2971 1213 3010 eum

154 3059 321 3135 appellasse
349 3060 479 3118 traditur
508 3058 572 3131 (cfr.
594 3059 709 3118 Welclr.
732 3059 806 3130 lc,
827 3059 951 3117 Nitzsoh
969 3058 1040 3116 hist.
1061 3057 1149 3116 Hom.
1170 3057 1213 3128 H,

153 3184 182 3241 p.
204 3165 268 3242 94).
313 3165 423 3242 Scylax
451 3185 568 3245 quoque
594 3185 671 3224 oum>
688 3165 885 3225 Stesimbroto
915 3164 1063 3224 consentit
1085 3162 1212 3240 (Welolr.

152 3268 174 3327 l.
195 3270 240 3347 a).
285 3270 428 3348 Smyrnae
449 3271 577 3330 calculus
599 3271 691 3331 etiam
713 3291 749 3330 ea
771 3292 803 3330 re
825 3271 964 3331 adiicitur
985 3271 1064 3349 quod
1089 3269 1211 3328 Halesi·

152 3394 261 3448 genes,
289 3376 410 3435 Helatis
436 3376 517 3435 lilios
538 3378 683 3436 Homerus
706 3396 795 3455 saepe
824 3378 910 3436 audit
934 3378 997 3452 (cir.
1019 3375 1151 3435 Allatius
1174 3376 1212 3434 de

150 3484 230 3558 patr.
251 3480 338 3539 Hom.
359 3483 393 3540 iu
413 3483 541 3542 Gronov.
562 3484 651 3542 Thes.
673 3484 774 3543 Graec.
797 3488 868 3543 Ant.
883 3482 949 3540 vol.
962 3482 1023 3559 X.).
1056 3483 1212 3561 Smyrnam

152 3585 277 3646 Homeri
298 3587 426 3664 pat-riam
447 3588 540 3648 fuisse
555 3589 645 3648 etiam
660 3588 808 3649 Aristides
823 3592 951 3647 testatur
965 3592 1038 3647 orat.
1055 3593 1108 3660 22,
1129 3588 1212 3648 cuius

152 3693 232 3753 locos
252 3692 324 3753 ride
345 3695 424 3771 apud
438 3694 607 3754 Fabricium
621 3695 695 3753 bibl.
708 3714 751 3769 gr.
766 3695 821 3765 IV,
842 3714 871 3771 p.
888 3698 961 3765 382,
982 3713 1010 3770 p.
1026 3699 1086 3753 401
1105 3695 1173 3753 coll
1187 3694 1213 3765 1,

152 3820 180 3877 p.
205 3803 269 3858 666
292 3801 337 3859 ed
359 3800 444 3860 Harl.
464 3801 602 3880 Denique
627 3801 755 3859 Ioannes
783 3800 893 3859 'l'zetza
920 3820 986 3859 cum
1015 3800 1211 3860 Stesimbroto

152 3904 303 3978 convenit3
331 3909 425 3966 rerba
452 3906 517 3966 cius
537 3906 690 3966 Fabricius
713 3905 733 3965 l.
754 3926 778 3965 o.
799 3907 830 3978 Ι,
851 3926 881 3983 p.
901 3909 967 3963 ,666
989 3906 1027 3968 Η,
1050 3906 1145 3964 affert.
1167 3937 1210 3949 -·

150 4010 343 4071 Stesimbroti
368 4011 462 4086 igitur
486 4012 524 4071 de
552 4012 651 4089 patria
678 4012 802 4072 Homeri
831 4010 932 4089 opinio
962 4028 1022 4069 non
1052 4013 1100 4068 est
1128 4029 1211 4087 sper·

148 4116 258 4175 m
1055 4141 1057 4147 .
