2842 4559
677 223 779 291 ‚16

230 393 317 471 περὶ
337 370 481 475 ‘Opapia
502 396 624 470 habeut,
646 396 726 458 sicut
739 390 992 474 Xenophontem
1006 388 1162 460 ὑπόνοιαι.
1182 399 1289 476 Neque

229 501 317 562 aliter
336 500 506 561 hobcclriua
527 502 560 561 in
583 502 789 579 Aglaophamo
812 506 837 574 I,
860 523 890 579 p.
915 505 976 564 157
999 522 1090 562 voces
1112 497 1234 563 διάνοια
1256 510 1289 564 ct

228 598 362 666 indocta
384 608 528 684 explicat.
556 604 631 692 (cfr.
661 610 754 670 ctiam
775 610 882 686 Heyue
895 617 1008 674 'comm
1030 609 1119 668 Hom.
1143 609 1179 669 ll.
1201 610 1287 681 VIII,

228 733 256 789 p.
279 706 368 795 589).
406 716 539 786 Accedit,
561 715 652 793 idque
675 715 847 790 gravissimi
870 722 917 775 eat
936 714 1096 785 momenti,
1118 716 1198 792 quod
1221 717 1287 776 Ste-

229 819 389 880 cimba-otus
408 820 501 880 simul
523 841 588 880 cum
611 823 778 882 Metrodoro
800 823 1018 898 Lampsaceno,
1047 820 1197 880 Glaucone
1211 821 1288 886 aliis

229 926 263 984 in
283 945 407 985 numero
429 945 535 985 corum·
551 928 686 999 habetur,
708 928 760 1005 qui
781 927 874 988 multa
895 929 1032 1004 bonaque
1055 947 1142 986 sensa
1164 930 1201 986 dc
1223 929 1287 987 Ho-

228 1052 308 1091 mero
338 1033 470 1109 proferre
498 1034 659 1109 potuerint
697 1034 772 1093 Cum
802 1034 883 1093 enim
908 1033 941 1091 in
962 1034 1066 1092 eadem
1087 1053 1155 1094 cum
1174 1036 1285 1094 lletro-

229 1139 300 1199 doro
324 1145 356 1198 et
378 1138 529 1199 Glatraoue
551 1140 629 1200 serie
651 1146 781 1215 ponatur
802 1145 834 1199 et
855 1140 967 1209 ordine,
989 1140 1045 1197 hac
1059 1138 1092 1197 in
1113 1159 1145 1198 re
1167 1138 1286 1218 utrique

229 1244 400 1316 simillimus
428 1245 521 1304 fuerit
549 1265 672 1305 necesse
693 1251 750 1305 est.
794 1247 995 1305 Metrodorum
1021 1250 1120 1303 autem
1141 1246 1285 1321 Lampsa·

228 1371 332 1412 oenum
362 1346 693 1428 nptorovrouocdo'tout
727 1355 782 1410 τοῦ
814 1354 944 1429 ποιητοῦ
974 1350 1041 1426 περὶ
1073 1346 1131 1429 τὴν
1152 1345 1287 1429 φυσικὴν

228 1455 401 1535 θεραπείαν
422 1457 574 1533 Diogenes
589 1457 728 1517 Laertius
749 1463 877 1517 testatur
895 1457 938 1528 II,
961 1461 990 1529 3,
1014 1460 1043 1518 7.
1065 1458 1202 1515 Eundem
1224 1455 1285 1515 uti·

228 1583 285 1643 que
307 1563 478 1640 Hesychius
506 1563 598 1622 tradit
621 1563 781 1637 allegorice
810 1568 1062 1638 Agamemnonem
1092 1557 1150 1621 τὸν
1170 1559 1286 1637 αἰθέρα

228 1669 397 1749 appellasse
418 1663 495 1751 (vid.
517 1670 591 1728 Lob.
612 1667 632 1727 l.
654 1688 677 1727 α
699 1688 728 1744 p
755 1663 839 1752 156).
878 1670 1028 1728 Similiter
1053 1668 1196 1728 'latiauus
1217 1668 1286 1728 adv.

228 1778 330 1836 Graec.
350 1795 379 1851 p.
405 1777 468 1835 160
490 1775 536 1833 ed.
558 1774 652 1834 Paris.
678 1776 778 1835 1615:
802 1770 1023 1854 Μητρόδωρος
1046 1773 1079 1834 δὲ
1100 1766 1286 1848 ὃΛαμψα-

227 1878 323 1961 κηνός
343 1880 377 1941 ἓν
399 1884 442 1965 τῷ
466 1879 532 1957 περὶ
553 1872 696 1958 Ὁμήρου
797 1875 899 1938 πάντα
919 1879 962 1948 εἷς
984 1876 1172 1958 ἀλληγορίαν
1186 1874 1286 1953 μνιό-

227 2007 308 2068 yos·
331 2009 361 2047 a.
376 2008 404 2048 r.
421 1991 447 2046 t.
485 1986 593 2064 Itaque
613 1986 686 2064 quin
700 1987 888 2045 Metrodorus
903 1985 962 2044 iste
977 2004 1021 2054 ea,
1044 2004 1120 2062 quac
1141 1984 1175 2042 in
1189 1984 1286 2044 Iliade

228 2085 260 2153 et
282 2095 418 2170 Odyssea
438 2098 609 2161 uamuntnr,
638 2092 677 2151 ad
704 2111 753 2151 res
781 2091 933 2151 naturales
954 2091 1108 2150 referendo
1130 2090 1285 2168 physicam

227 2199 248 2257 i.
277 2217 304 2256 c,
334 2197 522 2272 allegoricam
535 2243 539 2250 r
552 2197 829 2273 interpretationem
862 2197 1034 2256 adhibuerit
1055 2197 1189 2256 dubium
1210 2215 1285 2255 csse

227 2304 343 2381 nequit,
366 2303 451 2364 cuius
474 2304 596 2380 quidem
618 2303 788 2362 etiamnunc
809 2303 949 2378 exempla
971 2303 1142 2361 exstantia
1162 2301 1287 2361 scholiis

226 2409 395 2468 Homericis
418 2410 465 2468 ed.
485 2409 565 2480 Vill,
585 2415 620 2468 ut
641 2409 681 2467 ed
699 2409 737 2466 Il
758 2430 786 2467 κ.
809 2412 882 2470 262.
911 2409 1017 2484 'Magis
1041 2410 1226 2485 disceptatur
1246 2407 1285 2466 dc

227 2515 384 2585 Glaucone,
407 2503 534 2592 quocum
548 2514 762 2574 Stesimbrotus
784 2515 987 2590 componitur3
1009 2534 1114 2590 parum
1136 2513 1216 2573 enim
1239 2518 1287 2570 cst

226 2627 348 2691 emtum,
370 2621 437 2699 quia
457 2620 560 2707 fucrit
572 2623 624 2680 tut
645 2620 720 2698 quid
741 2621 883 2680 effecerit
913 2620 997 2684 Quae
1011 2619 1147 2698 quaestio
1163 2639 1199 2678 eo
1223 2618 1284 2677 dit·

226 2727 332 2786 llcilior
361 2732 409 2786 eat
435 2728 476 2786 ad
503 2728 746 2798 diiudicandum,
775 2728 856 2806 quod
884 2726 985 2803 pluras
1014 2733 1045 2785 et
1066 2727 1233 2785 Glaucoues
1254 2730 1286 2784 et

227 2834 334 2894 Glauci
365 2829 600 2917 (Sydeuhanriue
634 2834 699 2892 sine
738 2833 902 2891 sufficiente
936 2852 1024 2891 causa
1059 2831 1198 2899 Γλαῦκος
1231 2848 1284 2905 pro

227 2935 377 2997 Γλαύκων
409 2941 624 3015 corrigendum.
646 2934 761 3022 causet)
798 2944 1008 2998 enumerantur
1039 2933 1131 3020 (Vide
1164 2935 1284 2996 Iudices

225 3045 340 3104 Fabrie.
352 3045 433 3104 bibl
454 3065 549 3119 graec.
572 3051 604 3104 et
624 3047 704 3105 Iona.
720 3045 792 3103 hist
806 3045 881 3120 phil.
896 3044 1020 3120 script).
1042 3042 1199 3102 Probabile
1213 3060 1284 3100 vcro

225 3151 345 3212 videtur
367 3151 546 3210 Glauooucm
568 3155 702 3210 nostrum
725 3171 792 3209 esse
811 3150 898 3208 illum
913 3150 1027 3220 Teium,
1050 3169 1141 3227 quem
1162 3150 1199 3207 de
1221 3156 1283 3208 tra·

226 3257 291 3332 gica
312 3257 378 3316 sive
399 3257 578 3332 rbapocdioo
597 3257 718 3315 actione
746 3256 902 3332 scripsisse
929 3256 1110 3315 Aristoteles
1132 3255 1284 3325 coufirmat

225 3364 312 3422 Bhot
334 3363 394 3434 III,
418 3362 629 3422 aureuma
650 3356 739 3443 (Plat
761 3361 825 3432 Iou,
847 3363 894 3420 ed.
912 3355 1135 3443 178211amb.)
1156 3362 1284 3420 fortusse

226 3468 441 3527 Atheniensem
471 3487 539 3527 oaoe
568 3467 747 3526 Gluuaomem
776 3467 916 3542 opinatur
942 3474 1100 3544 propterea
1121 3468 1201 3544 quod
1222 3485 1284 3524 uon

226 3573 342 3650 patriae
363 3574 429 3631 eius
450 3575 562 3633 mentio
591 3575 653 3632 liat.
689 3574 752 3631 Res
774 3573 867 3647 igitur
887 3580 935 3633 est
956 3576 1089 3633 obsum
1125 3574 1283 3631 Verumta-

225 3697 295 3737 men
317 3681 373 3738 hoc
393 3679 513 3738 veritati
532 3680 684 3751 convenit,
712 3679 899 3738 Glauconem
924 3680 957 3738 in
978 3680 1132 3739 tractando
1153 3680 1283 3737 Homero

225 3785 471 3861 interpretatione
492 3801 580 3844 usum
600 3806 669 3845 esse
689 3786 856 3860 allegorica.

313 3891 373 3949 His
398 3891 491 3966 igitur
520 3892 656 3950 omnibns
685 3892 843 3968 perpensis
872 3911 939 3950 mco
966 3892 1031 3950 iure
1056 3890 1285 3949 Stcsimbrcturu

225 4001 360 4057 matrum
392 3997 472 4056 iuter
492 3996 687 4070 .Allogorctaa
719 3997 945 4057 numeraverim
988 3999 1206 4057 Documentum
1237 4001 1287 4054 est

225 4102 315 4163 huius
335 4101 381 4162 rui
402 4102 435 4161 id
457 4121 585 4181 quoque,
607 4103 688 4180 quod
710 4102 922 4162 Stesimbrotus
944 4104 1024 4178 apud
1047 4102 1202 4160 Tatianum
1222 4100 1286 4160 Lu.
