2842 4559
659 227 871 319 „........}9....

236 399 415 470 munimus,
437 418 527 477 ιιιιιιιιι
546 399 586 457 ob
607 418 726 459 cauam
747 419 808 460 non
828 400 931 479 inepte
953 406 985 466 et
1013 401 1124 461 trustes
1145 400 1200 461 ille
1221 400 1295 470 setis

235 507 303 566 tuse
333 504 493 582 explanate
522 523 589 564 esse
619 505 753 566 arbitror.
796 509 903 586 Itaque
935 506 1148 568 Stesimbrotus
1178 526 1295 586 qnoque

235 611 440 684 grammaticis
461 610 571 669 studiis
593 630 625 670 so
647 611 768 673 dedisse
791 614 898 673 etheo
920 613 958 673 de
985 633 1018 672 re
1041 613 1171 683 sobobs,
1197 612 1296 674 etita

235 715 349 786 dicam,
371 716 512 776 habuisse
534 717 699 776 censendus
720 722 776 776 est
812 718 897 778 Unde
915 719 975 779 issr
998 718 1102 788 etueet,
1124 738 1193 778 eum
1214 718 1293 778 enti·

235 842 360 901 quorum
383 827 551 897 poetarum,
573 841 645 899 prae
666 823 775 882 esteris
790 823 916 883 Homeri
940 823 1121 883 carminibus
1143 822 1294 900 explices·

236 928 284 987 dis
302 946 426 1003 ,operam
448 947 583 1000 nerasse,
604 947 671 987 oum
693 929 733 987 ab
753 929 818 1000 hoe,
839 935 875 989 ut
893 929 952 988 iam
968 935 1227 990 commemoratum
1241 935 1295 998 est,

236 1034 288 1093 ille
299 1040 397 1093 eetete
408 1034 610 1092 Athenienses
620 1053 739 1094 omnem
758 1034 923 1095 doctrinam
936 1035 1193 1113 eruditionemque
1205 1039 1295 1112 etque

235 1139 396 1199 maximam
429 1139 594 1199 animorum
627 1139 811 1217 voluptutem
845 1147 990 1217 peterent
1035 1140 1103 1205 Qua
1131 1141 1170 1199 de
1198 1159 1231 1199 re
1256 1140 1294 1199 et.

237 1246 357 1322 egregie
379 1245 568 1321 disputantes
597 1246 647 1305 Fr.
669 1250 705 1305 A.
727 1247 867 1307 Wolfium
895 1246 1031 1321 Prolegg.
1053 1252 1084 1306 et
1106 1245 1296 1307 Hitzsohium

236 1353 274 1412 de
296 1352 366 1410 hist.
387 1353 475 1412 Hom.
497 1351 609 1411 melett.
646 1353 685 1410 In
705 1353 837 1412 Homero
865 1359 966 1413 antem
987 1352 1296 1413 tractando-nostrum

235 1464 388 1518 versatum
402 1476 477 1528 esse,
499 1456 590 1516 etium
606 1476 623 1516 e
639 1457 802 1518 luculentis
818 1458 950 1536 plurium
967 1458 1142 1535 seripterum
1157 1456 1294 1518 testima-

236 1564 298 1623 uiis
328 1560 479 1622 discimus.
524 1565 660 1639 Namque
689 1563 758 1634 illo,
787 1583 875 1642 quem
895 1565 957 1624 ism
979 1560 1138 1641 aliquoties
1159 1559 1295 1624 lsudsvi·

236 1689 310 1739 mus,
333 1669 454 1728 'l'utieni
482 1667 546 1729 loeo
576 1687 636 1727 uua
664 1688 732 1728 eum
754 1671 912 1744 Tbeegene
933 1669 1087 1744 Rhegino,
1109 1670 1296 1739 Antimscbo,

236 1775 307 1835 aliis
328 1774 361 1834 in
375 1774 453 1834 serie
474 1793 574 1834 eorum
590 1774 712 1850 ponitur
733 1776 787 1856 qui
813 1777 852 1836 de
865 1777 996 1836 Homero
1011 1776 1134 1849 egerint
1157 1774 1295 1834 Maxime

235 1900 307 1941 vero
329 1880 404 1940 illud
426 1900 443 1939 e
464 1880 678 1957 Xenophontis
705 1887 737 1940 et
757 1882 893 1942 Platonis
922 1881 996 1941 locis
1026 1880 1219 1955 intelligitur,
1241 1879 1295 1959 qui

235 1987 296 2046 iem
325 1986 519 2046 examinandi
549 1993 620 2046 sunt
648 1991 680 2046 et
706 2007 743 2048 ec
772 1988 895 2064 quidem
916 1987 1097 2057 menaeus,
1120 1987 1199 2063 quod
1219 2005 1293 2046 nou·

235 2092 326 2151 rurllis
358 2092 500 2152 nimiunn
522 2112 627 2170 parum
649 2099 730 2152 reete
757 2093 906 2171 perspecti
928 2092 968 2152 sd
988 2110 1160 2170 perversum
1175 2093 1213 2152 de
1228 2092 1293 2151 Ste-

237 2197 379 2257 simbreto
401 2198 544 2257 iudioium
564 2199 722 2258 terendum
742 2218 845 2258 ansam
871 2200 1026 2259 dederim
1061 2199 1297 2274 Xenophontem

237 2302 319 2362 loeus
340 2311 388 2364 est
409 2303 460 2364 ille
483 2299 632 2386 (Sympos.
655 2305 722 2373 111,
743 2300 791 2386 6),
819 2325 937 2382 exque
959 2306 1095 2366 mercede
1119 2303 1296 2364 Stesimbre·

236 2416 301 2468 tum
323 2409 451 2470 Athenis
473 2408 612 2470 docuisse
631 2410 832 2484 eognovimus.
869 2412 929 2471 Sed
954 2410 1136 2470 nuuehuius
1158 2409 1297 2486 locique

238 2515 345 2575 melius
377 2515 563 2589 intelligetur
602 2516 817 2576 sententiarum
849 2536 946 2578 nexus
990 2514 1169 2578 eomiduui
1198 2514 1296 2576 debet.

239 2624 275 2681 In
295 2621 348 2680 illo
369 2622 509 2682 convivio
531 2627 648 2701 qraeter
669 2621 745 2681 alios
766 2622 923 2682 Niceratus
953 2642 971 2682 s
992 2623 1112 2681 Secreta
1133 2621 1296 2693 interroga·

238 2735 297 2798 tus,
319 2748 377 2807 que
398 2728 541 2788 teotaltete
565 2728 624 2788 sibi
643 2727 796 2788 videretur
808 2729 962 2792 excellere
980 2733 1016 2790 ,et
1030 2748 1089 2805 qus
1109 2746 1143 2786 re
1164 2725 1296 2786 maxime

238 2834 442 2906 delectaretur,
463 2836 631 2911 respondet,
655 2854 704 2907 se,
721 2839 762 2893 ut
782 2835 879 2893 bouus
900 2835 950 2895 sir
966 2835 1061 2904 fieret,
1083 2854 1101 2893 e
1123 2839 1208 2909 patre
1230 2850 1297 2890 ooa-

174 2956 176 2959 ’
238 2946 319 3000 otum
351 2953 419 3000 esse
448 2944 512 3000 tote
533 2939 663 3000 Homeri
684 2940 817 3000 carmine
846 2941 960 3000 discere
983 2941 1076 3009 sdeo,
1097 2944 1132 2998 ut
1151 2938 1299 3011 integram
1412 3016 1414 3029 ῃ

237 3047 364 3106 Iliedem
387 3047 611 3124 Odyssesmque
631 3046 692 3104 iem
714 3044 811 3121 possit
831 3040 893 3105 sind
911 3040 1070 3121 στόματος
1085 3042 1186 3107 elusis.
1216 3043 1297 3110 ,Cum

238 3157 339 3212 autem
362 3152 557 3211 Antisthenes
579 3151 755 3220 sciscitetur,
776 3171 847 3210 num
869 3151 985 3211 nesciet
1012 3150 1105 3209 etiam
1132 3133 1298 3225 rbepaodoa

237 3278 341 3318 omnes
362 3257 416 3316 illa
435 3255 565 3316 ermina
585 3256 630 3315 ita
651 3275 757 3327 nosse,
786 3277 819 3316 se
848 3258 930 3318 haud
958 3256 1037 3316 illud
1063 3256 1199 3329 ignorare
1221 3253 1299 3314 dicit

238 3364 350 3442 quippe
371 3362 508 3441 quotidie
529 3363 592 3422 tere
607 3382 659 3422 eos
673 3363 852 3424 audientem.
878 3365 953 3423 'lum
970 3362 1182 3429 Antisthenes:
1199 3352 1298 3420 οἶσθά

241 3491 268 3530 es
291 3459 350 3527 οὖν
378 3466 466 3547 γένος
494 3462 701 3547 ἠλιθιώτεροι
730 3465 905 3551 ριιψῳὸῶν;
942 3468 1099 3529 Niceratus
1129 3465 1298 3527 sesentiens

238 3568 278 3634 esi
300 3569 346 3649 μὰ
370 3567 425 3632 τὸν
446 3572 511 3633 Δία
532 3573 664 3652 „inquit,
691 3570 806 3635 abacos
828 3571 930 3653 ἔμοιγε
960 3573 1059 3648 duxti,
1088 3573 1153 3632 scil.
1174 3571 1299 3632 stultius

238 3699 306 3739 esee
328 3698 420 3754 genes
443 3679 596 3740 bominum
623 3680 790 3757 rhapsodis.
827 3682 893 3740 Hae
921 3680 1001 3742 enim
1029 3679 1187 3754 negatione
1208 3677 1298 3738 Nice-

238 3789 322 3846 ratus
352 3785 509 3846 manifeste
540 3785 717 3846 Antistheni
745 3806 806 3846 nou
828 3788 1020 3857 adversetur,
1051 3785 1301 3864 quemadmodem

240 3891 370 3952 Socratis
392 3910 469 3969 quse
490 3891 681 3968 subsequitur
701 3894 860 3954 affirmatio
882 3893 1055 3969 eomprobat
1075 3887 1142 3974 (etr.
1160 3893 1199 3950 ed
1220 3886 1302 3949 boue

238 3999 259 4060 l.
281 3997 497 4068 sensium,
525 3998 606 4057 xes.
635 4016 686 4074 ep.
715 3999 762 4058 ed.
789 4000 874 4076 Lips.
900 4001 984 4060 1815
1018 3999 1052 4058 Τ.
1073 3998 1117 4069 V,
1146 4018 1177 4074 p.
1203 3991 1300 4079 171):
1412 4017 1414 4022 ’

236 4103 348 4184 Δῆλον
368 4099 440 4182 ydp,
464 4099 512 4166 tu
538 4098 594 4174 erig
614 4095 766 4172 innacius
788 4100 844 4164 ιη’-κ
866 4099 1045 4166 ἐπίστανται
1068 4098 1111 4186 (ei
1128 4097 1302 4187 ῥαψῳδοί)
