2842 4559
577 217 693 311 *t

201 403 206 410 ’
243 393 360 464 satus.
382 397 419 454 ut
439 393 478 452 ab
499 393 560 452 hoo
579 391 802 469 lexioogtuplao
827 390 1023 468 incipiamus,
1052 389 1216 468 quia‘oias

149 500 191 560 do
213 500 271 559 boo
292 518 325 558 te
347 497 519 560 testimonii
539 498 615 558 tides
637 518 655 558 a
677 497 829 558 nonnullis
850 498 1043 556 vehementer
1056 496 1220 580 addubito-v

131 616 217 677 tar,
248 627 273 663 a.
307 599 492 681 Ἀντίμαχος
525 602 721 666 disertissime
755 603 966 665 Antimachum
996 600 1215 678 Colophonium

151 708 344 771 Stesimbsoti
366 709 532 770 auditorem
554 709 688 792 appellat
705 710 754 770 his
774 708 890 769 verbim
907 703 1093 784 Ἀντιζυαχος
1108 706 1215 767 Κολο-

150 810 280 897 φώνιος,
304 809 372 884 υἱὸς
395 806 567 891 Ὑπάρχου,
592 811 808 892 γραμματικὸς
829 811 879 876 aui
903 807 1047 891 ποιητής·
1079 808 1162 880 τινὲς
1180 808 1215 871 δὲ

148 919 200 982 zai
216 915 339 998 eiulans
354 914 453 979 αὐτὸν
468 916 652 998 ἀνέγραψαν
666 914 871 989 Πανυὰσιδος
885 921 943 978 τοῦ
966 920 1107 997 mosomi,
1131 911 1213 976 nolon

149 1019 361 1103 ψευσάμενοι·
394 1013 434 1102 ἦν
467 1017 528 1101 γὰρ
561 1020 663 1084 αὐτοῦ
692 1018 850 1103 ἀκουστὴς
876 1021 926 1084 aui
956 1018 1212 1111 Στησιμβρότου·

150 1128 256 1211 ylyors
279 1128 314 1191 de*
336 1125 398 1208 πρὸ
421 1125 606 1200 Πλάτωνος.
643 1130 758 1190 Eadem
779 1131 817 1190 do
839 1131 1028 1199 Antimacho,
1051 1146 1126 1206 quae
1143 1126 1212 1187 Sui·

151 1239 225 1307 das,
251 1237 388 1296 Eudooio
413 1236 492 1296 huno
522 1255 562 1294 ex
591 1253 673 1298 moro
703 1253 758 1295 sao
788 1240 890 1296 seouto
919 1235 994 1296 dioit
1020 1234 1052 1293 in
1078 1233 1212 1294 violatio

148 1363 182 1420 p.
205 1346 257 1404 61.
295 1342 390 1402 Suida
420 1341 514 1416 igitar
534 1347 612 1402 testo
635 1341 849 1410 Stesimbrotus
870 1339 1046 1402 Antimaohi
1071 1339 1214 1415 magister

151 1449 220 1510 fuit
257 1448 317 1508 Cur
344 1452 444 1508 sutem
467 1446 579 1508 Snidao
605 1447 625 1506 l.
647 1467 671 1506 o.
700 1448 791 1508 fidem
820 1468 880 1510 uon
900 1448 1066 1508 tribuamus
1087 1451 1214 1508 nonest

151 1571 257 1617 masa.
280 1573 371 1632 quare
392 1552 595 1614 Bombardius
613 1553 646 1611 in
666 1553 859 1614 adnotatione
881 1573 935 1613 sua
949 1555 988 1614 ed
1009 1553 1093 1612 illum
1115 1552 1213 1612 locum

150 1667 233 1720 neoto
256 1659 494 1734 Schellenbergii
516 1659 694 1718 sententiam
723 1660 886 1736 improbat,
911 1660 965 1737 qui
997 1655 1125 1741 (Antim.
1147 1658 1213 1720 rell.

153 1786 183 1842 p.
208 1762 263 1850 10)
285 1765 370 1842 „ipss
387 1767 477 1835 fama,
498 1785 574 1844 quae
589 1765 803 1826 Antimachum
819 1765 1010 1826 Stesimbroti
1032 1763 1213 1840 diaoipulnm

150 1871 234 1942 fauit,
257 1871 334 1930 nihil
355 1877 442 1947 putat
461 1872 632 1931 intortius.“
669 1871 827 1948 Equidem,
848 1891 916 1930 oum
937 1889 1034 1949 noque
1059 1869 1212 1930 Schellen·

152 1977 274 2051 bergina
297 1996 419 2051 gravem
439 1977 512 2038 talis
540 1976 647 2038 iudicii
677 1996 797 2036 oasam
823 1976 997 2054 opposuerit
1017 1995 1114 2053 neque
1136 1975 1214 2036 alius

151 2082 223 2161 quis
244 2101 311 2142 eam
333 2083 500 2154 invenerit,
528 2082 605 2142 illud
636 2082 747 2142 Saldae
777 2082 981 2143 testimoninm
1011 2083 1132 2140 omuino
1153 2099 1215 2140 non

152 2186 365 2261 negligendum
388 2169 680 2267 unamquamquam
694 2190 775 2248 unde
792 2189 901 2250 Suidas
922 2188 980 2247 hoa
1000 2186 1140 2248 sumserit
1152 2205 1215 2254 non

152 2297 310 2370 inaperta
331 2299 387 2354 est.
423 2294 509 2357 Quod
540 2295 633 2368 igitur
656 2294 919 2369 Sabellenbeugius
940 2294 962 2353 l.
984 2313 1009 2353 a
1037 2312 1068 2370 p.
1093 2296 1111 2353 9
1140 2292 1215 2352 dieit

147 2417 300 2479 nusquam
329 2399 404 2459 alibi
432 2420 465 2459 so
495 2400 580 2460 illius
608 2402 707 2462 famae
734 2401 896 2475 vestigium
917 2396 1067 2460 invenisse
1089 2416 1214 2476 eamque

153 2525 208 2581 pro
241 2511 320 2566 oerta
353 2506 468 2578 nemini
502 2507 674 2578 venditare,
711 2507 793 2568 nihil
826 2526 882 2567 nos
910 2512 1019 2566 movet
1070 2503 1215 2569 Quooiroa

154 2612 267 2674 suidas
289 2612 387 2672 looum
408 2613 447 2671 ad
469 2618 572 2689 partes
593 2632 699 2673 voesre
721 2633 783 2672 non
805 2613 918 2684 dubito,
940 2631 1006 2671 eum
1028 2610 1213 2689 praesertim,

152 2719 233 2794 quod
255 2718 300 2776 ibi
321 2718 465 2789 traditur,
492 2719 526 2778 id
552 2720 644 2780 otiam
675 2720 801 2779 aliorum
835 2718 1009 2796 soriptornm
1031 2717 1214 2780 testimoniis

153 2823 391 2900 probabilitatem
414 2825 551 2901 accipiat.
588 2827 649 2885 Sed
669 2826 708 2888 do
731 2826 780 2885 his
802 2824 924 2903 postea!
960 2826 1065 2901 Neque
1086 2823 1214 2884 veroid

151 2929 371 2990 dubitationem
385 2949 507 2992 movero
521 2932 621 3003 debet,
643 2933 723 3010 quod
740 2931 849 2992 Suidas
867 2935 987 3007 poetam
1001 2930 1213 2990 Antimachum
1333 2987 1336 2994 .

152 3037 339 3115 eundemque
370 3037 593 3110 grammatioum
622 3044 719 3098 vooat.
757 3039 816 3102 Do,
832 3057 892 3117 qua
913 3036 1033 3114 quidem
1055 3034 1212 3110 reSobel·

152 3141 326 3216 lemburgiae
357 3142 377 3202 l.
402 3162 428 3202 o.
457 3162 487 3218 p.
510 3147 552 3205 33
575 3163 620 3224 sq.
651 3145 772 3204 dubitat
802 3161 857 3203 neo
878 3162 937 3202 non
958 3144 1006 3202 Fr.
1028 3147 1065 3202 A.
1089 3141 1214 3201 Wolfins

152 3267 219 3308 enm
241 3248 295 3310 illo
316 3249 507 3310 eonsentiens
529 3250 549 3309 l.
571 3270 595 3310 e.
617 3270 648 3325 p.
666 3254 729 3312 120
745 3270 790 3330 sq.
811 3243 859 3332 (in
880 3246 1009 3326 epistola
1025 3248 1134 3308 Sabell.
1149 3248 1212 3308 dis·

152 3353 306 3414 sortotioni
326 3352 499 3440 assedente)
514 3357 739 3432 grammationm
758 3356 967 3422 Antimachum
991 3341 1112 3431 anoeta
1126 3354 1212 3414 Colo·

150 3459 264 3535 plionia
295 3460 444 3520 diversum
472 3467 505 3521 et
533 3463 729 3539 posteriorem
758 3462 927 3524 habendum
956 3478 1024 3520 esse
1052 3462 1213 3522 oontendit

152 3563 254 3629 Quam,
271 3565 427 3645 utriusque
448 3567 507 3626 viri
529 3569 609 3630 dooti
631 3568 810 3632 sententiam
825 3567 851 3627 si
865 3568 995 3628 refutare
1008 3567 1127 3638 vellem,
1150 3566 1211 3626 dis·

150 3668 316 3749 quisitiono
337 3671 413 3732 mihi
431 3692 508 3749 opus
524 3679 611 3736 esset
633 3675 725 3735 nimis
746 3677 815 3734 fusa
836 3678 869 3732 et
890 3674 989 3732 aliena
1009 3693 1028 3733 a
1048 3679 1151 3732 nostra
1172 3691 1213 3744 re,

150 3795 222 3838 nam
242 3797 304 3836 aon
326 3798 393 3838 enm
407 3779 586 3842 Antimacho
607 3780 696 3840 nobis
710 3786 760 3840 est
772 3797 829 3840 res.
865 3781 933 3840 Boo
954 3779 1019 3838 looo
1041 3779 1075 3838 id
1097 3783 1213 3846 tantam

150 3903 366 3955 aommemoso,
391 3903 489 3963 nequo
515 3887 727 3961 flammeam
754 3886 933 3963 ositioaeqoe
961 3886 1034 3946 artis
1057 3885 1212 3961 anginam,

151 3992 187 4050 ut
209 3988 256 4048 illi
278 3994 402 4066 putant,
431 3992 471 4058 sd
500 3992 695 4060 Aristotelem
715 3994 844 4060 ,demum
871 3992 1058 4058 reterondsm
1089 4009 1155 4050 esse
1181 3997 1213 4052 et

149 4094 365 4158 Antimaobum
386 4096 520 4174 potuisse
541 4117 596 4175 pto
619 4098 727 4160 aetatis
750 4098 952 4166 essentiane
967 4096 1080 4172 optime
1094 4100 1212 4172 poetam
