2842 4559
641 231 679 287 la

6 385 17 406 ⁷
129 410 242 487 geum
261 427 343 467 more
366 407 418 468 cir.
438 405 584 482 Welelrer,
600 406 757 479 „Prodicus
778 424 838 465 von
858 405 956 465 Keos‘
976 404 1012 464 in
1025 407 1101 465 Nor.
1115 407 1192 466 Mus

128 518 225 577 lihesi
248 516 274 587 Ι,
299 518 313 574 l
339 513 452 590 (18³2)
477 534 505 590 p.
528 518 570 572 30
592 512 680 592 sqq.).
715 514 819 590 Neque
841 509 922 570 enim
942 511 1086 570 famosam
1107 512 1193 574 illam

131 622 306 692 avaritiam,
335 622 372 679 ob
401 638 491 697 qnare
516 618 668 695 sophistae
688 618 863 696 plerumque
882 620 1038 688 notantur,
1067 619 1192 679 Stasim-

130 730 218 787 broto
240 726 428 787 tribuendam
449 729 530 801 puto,
553 724 799 802 quemadmodum
821 721 941 782 omuino
962 723 1026 782 eim
1048 725 1193 786 conditio·

130 851 200 893 nam
221 836 259 892 ab
281 852 391 902 eorum,
414 830 466 910 qni
488 830 579 904 vulgo
600 829 751 907 sophistae
772 830 928 900 habentur,
948 829 1057 888 humili
1077 830 1193 892 ratione

130 940 267 999 recedere
287 938 427 998 vidimus.
470 939 572 1014 Atque
592 937 669 996 hane
689 935 787 1013 ipsam
808 936 846 994 eb
868 954 986 994 causam
1014 939 1117 996 uester
1145 957 1192 997 se·

130 1046 280 1122 parandus
302 1048 350 1103 est
370 1045 408 1103 ab
429 1042 479 1114 iis,
498 1041 551 1120 qui
564 1060 618 1117 por
633 1041 773 1102 Graeciae
786 1043 875 1100 urbes
896 1043 1082 1115 rogabantur
1103 1061 1192 1120 quae·

132 1155 196 1211 stus
214 1150 328 1225 gratia3
349 1153 430 1208 certe
450 1147 567 1208 nullum
589 1147 653 1206 eius
675 1146 720 1206 rei
743 1147 951 1206 documentum
973 1147 1010 1206 de
1031 1147 1086 1207 illo
1108 1148 1193 1208 inve·

6 1267 7 1270 ’
131 1257 224 1317 nitur.
251 1257 291 1315 Iu
306 1255 477 1315 uuiversum
498 1251 598 1313 autern
619 1253 720 1314 omnia
739 1252 826 1324 vitia,
846 1258 968 1329 prepter
982 1273 1058 1332 quae
1073 1254 1195 1330 plurimi

132 1362 333 1440 sophistarum
353 1361 387 1419 iu
407 1379 552 1418 summam
573 1364 721 1419 venenant
742 1359 985 1430 contemtionem,
1012 1358 1047 1418 in
1069 1360 1194 1419 Stesim-

132 1470 251 1528 bretnm
272 1467 405 1526 conferre
425 1465 506 1525 velle
527 1483 620 1543 aeque
642 1464 768 1526 stultum
782 1470 832 1524 est
845 1470 935 1543 atque
949 1465 1103 1537 iniustum,
1124 1466 1195 1546 quia

132 1593 194 1634 nou
214 1573 281 1650 pari
301 1565 368 1631 oum
388 1572 457 1632 istis
479 1556 547 1630 enm
570 1572 633 1630 loeo
655 1572 825 1630 habendum
847 1590 913 1630 esee
935 1572 1118 1631 ostendimus
1140 1592 1194 1631 ne·

133 1700 192 1759 qne
219 1678 316 1737 ullum
345 1677 490 1737 eiusmodi
517 1676 588 1736 vitii
617 1676 778 1750 vestigium
807 1681 915 1736 exstat
966 1677 1108 1741 Quocirca
1128 1698 1194 1737 mee

134 1785 254 1863 quidem
276 1784 424 1842 arbitratu
444 1802 505 1841 nou
527 1787 606 1842 recte
621 1783 652 1841 (l.
667 1784 717 1841 Fr.
732 1784 920 1840 Hermanuus
943 1782 1016 1858 (ind.
1032 1783 1101 1842 leet.
1121 1789 1194 1842 aest.

132 1891 229 1949 Marb.
261 1894 343 1948 leae
371 1909 401 1965 p.
429 1889 519 1966 VIII)
549 1888 779 1948 Stesimbretum
807 1887 944 1962 adiungit
973 1889 1012 1948 iis
1041 1889 1194 1965 sophistis,

133 1995 205 2074 „qui
226 1998 290 2052 tum
312 1994 453 2070 temperis
474 2013 528 2070 per
549 1993 689 2054 Graeciae
709 1995 798 2052 urbes
819 1995 1003 2067 vagabantur
1023 2014 1120 2073 neque
1141 1996 1195 2054 uui

134 2099 225 2161 alicui
246 2099 400 2158 literarum
421 2100 525 2173 generi
550 2098 685 2159 sedulam
708 2102 740 2158 et
760 2099 940 2176 peculiarem
960 2119 1081 2176 operam
1101 2120 1194 2161 nava·

133 2209 218 2277 bant,
239 2206 293 2264 sed
313 2204 499 2280 ingeniorum
519 2205 679 2265 fertilitate
698 2205 779 2277 freti,
797 2204 944 2284 quidquid
965 2206 1078 2265 occasio
1107 2207 1194 2266 tulis-

134 2316 190 2384 set,
210 2310 275 2388 pari
294 2331 360 2370 enm
379 2310 505 2371 levitate
526 2315 616 2391 utque
636 2311 806 2386 arrogantia
826 2314 1017 2371 tractabaut“
1062 2313 1135 2372 Tale
1157 2314 1195 2373 de

134 2422 235 2477 nostre
264 2416 407 2475 iudicium
434 2416 516 2475 omui
542 2421 678 2492 veterum
707 2417 878 2477 testimonio
901 2417 1078 2478 destitutum
1098 2439 1195 2498 neque

134 2523 187 2594 iis,
219 2542 296 2602 quae
317 2523 356 2581 de
377 2526 479 2582 nostro
507 2527 658 2599 comperta
685 2523 842 2594 habemus,
872 2525 1120 2584 accommodatum
1141 2530 1196 2585 est.

134 2631 245 2689 (luntre
265 2627 495 2688 Stesimbretnm
515 2628 643 2688 Athenis
665 2630 866 2703 grammaticis
892 2630 1000 2690 studiis
1027 2630 1196 2691 incubuisse

136 2740 167 2795 et
194 2735 228 2794 in
254 2732 378 2794 Homeri
406 2732 595 2809 potissimum
624 2734 762 2811 operibus
785 2734 948 2794 tractandis
972 2755 1090 2812 operam
1112 2756 1196 2796 suam

135 2840 293 2900 collocasse
311 2839 385 2899 satis
406 2858 553 2919 superque
574 2845 621 2899 eet
641 2840 797 2899 monitum.
841 2842 919 2899 Num
935 2840 1060 2900 aliorum
1078 2861 1196 2920 quoqne

135 2950 302 3023 postumum,
327 2950 363 3004 ut
391 2944 534 3016 Hesiodi,
561 2945 743 3017 Archilochi,
769 2946 949 3005 carminibus
972 2966 1090 3023 operam
1112 2967 1195 3007 snam

135 3051 307 3123 adverterit,
326 3052 472 3110 incertum
493 3055 547 3123 eat,
570 3052 623 3110 sed
644 3071 706 3110 non
720 3072 838 3128 prorsus
853 3052 1035 3112 incredibile.
1056 3054 1196 3128 Magnam

6 3162 9 3170 ’
135 3177 206 3219 raro
226 3158 337 3217 faunam
359 3157 586 3217 Stesimbrotum
608 3157 768 3235 disciplina
789 3177 843 3217 sus
864 3163 954 3237 atque
974 3159 1109 3218 doctrina
1126 3180 1195 3219 eon·

135 3269 268 3323 secutum
288 3281 355 3322 esse
374 3260 447 3322 inde
467 3266 561 3339 patet,
583 3264 663 3342 qnod
685 3269 717 3323 et
737 3263 867 3324 neminis
889 3264 952 3324 eius
972 3266 1089 3340 saepius
1111 3284 1195 3326 meu·

136 3368 182 3428 tio
205 3368 243 3426 lit
269 3372 301 3426 et
321 3368 475 3430 Niceratus
505 3373 596 3447 atque
622 3369 805 3429 clarissimus
827 3369 1023 3430 Antimachus
1050 3370 1196 3448 Colopho·

134 3473 205 3533 nius
224 3472 304 3532 iuter
325 3473 389 3532 eins
409 3473 570 3553 discipules
591 3474 722 3534 meunt.

201 3579 364 3657 Postquam
388 3579 483 3654 igitur
512 3581 551 3639 de
579 3579 721 3641 universa
746 3579 936 3640 Stesirnbreti
963 3581 1133 3642 conditione
1165 3586 1197 3642 et

134 3682 247 3756 iudeis,
267 3689 410 3763 quantum
429 3685 497 3746 fieri
518 3690 638 3763 poterat
659 3690 691 3745 et
713 3686 850 3758 debebat,
870 3685 1076 3759 disseruimus,
1103 3707 1198 3761 nemo,

136 3790 250 3867 opiner,
271 3810 337 3850 eum
357 3793 505 3852 Krenaero
531 3792 631 3869 (hiem.
651 3792 764 3869 Rhaps.
785 3812 814 3868 p.
837 3797 889 3863 42,
917 3792 986 3852 aliis
1009 3793 1093 3870 leda)
1123 3795 1197 3854 adeo

135 3896 310 3969 comentiet,
330 3900 366 3956 ut
385 3897 614 3958 Stesimbrotum
636 3917 696 3958 uua
717 3916 783 3957 cum
803 3898 974 3960 Menoeceo
996 3903 1028 3959 et
1049 3898 1198 3959 Glaucone

135 4000 170 4062 iu
189 4021 313 4063 numero
335 4001 550 4064 vilissimorum
570 4003 783 4080 rhapsoderum
797 4008 898 4080 ponat,
919 4003 972 4083 qui
985 4002 1106 4078 ingenio
1119 4002 1199 4063 nihil

135 4107 289 4186 sapientae
317 4107 452 4188 quotidie
478 4107 513 4169 iu
534 4108 652 4181 triviis,
678 4108 834 4187 praecipuo
860 4113 960 4170 aetem
978 4108 1013 4168 in
1033 4108 1199 4187 gymnasiis

988 4217 1032 4275 2*
